[
  {
    "customer_id":"CUST0001",
    "signup_date":"2023-01-22",
    "last_login_date":"2023-08-01",
    "last_campaign_date":"2023-06-09",
    "week_number":23,
    "payment_method":"Bank Transfer",
    "age_group":"41-60",
    "gender":"Male",
    "location":"Rural",
    "spending":"High ARPU",
    "plan_type":"Postpaid",
    "service_bundle":"Full Bundle",
    "avg_monthly_usage_gb":83.1,
    "device_type":"Old Modem",
    "contract_type":"2-Year",
    "billing_status":"Overcharged",
    "support_tickets":5,
    "complaint_score":3,
    "preferred_channel":"App Notification",
    "last_campaign":"Holiday Max",
    "campaign_response":"Clicked",
    "promotion_used":"No",
    "tv_spend":7950.18,
    "email_spend":1454.46,
    "sms_spend":1160.85,
    "social_spend":2529.72,
    "search_spend":2996.32,
    "retail_spend":3248.53,
    "revenue":43.14,
    "engagement_score":79,
    "product_upgrade":"No",
    "upsell_eligible":"No",
    "churned":"No",
    "churn_date":"",
    "tenure_months":10,
    "cluster_id":3
  },
  {
    "customer_id":"CUST0002",
    "signup_date":"2023-05-14",
    "last_login_date":"2023-08-04",
    "last_campaign_date":"2023-06-10",
    "week_number":23,
    "payment_method":"Cash",
    "age_group":"41-60",
    "gender":"Female",
    "location":"Urban",
    "spending":"High ARPU",
    "plan_type":"Postpaid",
    "service_bundle":"Internet",
    "avg_monthly_usage_gb":30.6,
    "device_type":"Replaced",
    "contract_type":"Month-to-Month",
    "billing_status":"Overcharged",
    "support_tickets":0,
    "complaint_score":1,
    "preferred_channel":"Email",
    "last_campaign":"Spring Boost",
    "campaign_response":"Clicked",
    "promotion_used":"No",
    "tv_spend":3707.34,
    "email_spend":1939.42,
    "sms_spend":1677.8,
    "social_spend":966.46,
    "search_spend":1819.05,
    "retail_spend":1622.52,
    "revenue":38.22,
    "engagement_score":27,
    "product_upgrade":"No",
    "upsell_eligible":"Yes",
    "churned":"No",
    "churn_date":"",
    "tenure_months":6,
    "cluster_id":0
  },
  {
    "customer_id":"CUST0003",
    "signup_date":"2023-03-08",
    "last_login_date":"2023-04-08",
    "last_campaign_date":"2023-03-19",
    "week_number":11,
    "payment_method":"Cash",
    "age_group":"60+",
    "gender":"Male",
    "location":"Urban",
    "spending":"High ARPU",
    "plan_type":"Postpaid",
    "service_bundle":"Internet + TV",
    "avg_monthly_usage_gb":81.2,
    "device_type":"Old Modem",
    "contract_type":"2-Year",
    "billing_status":"On-Time",
    "support_tickets":1,
    "complaint_score":1,
    "preferred_channel":"SMS",
    "last_campaign":"Holiday Max",
    "campaign_response":"Ignored",
    "promotion_used":"No",
    "tv_spend":4403.83,
    "email_spend":2765.48,
    "sms_spend":412.84,
    "social_spend":680.99,
    "search_spend":4332.69,
    "retail_spend":1504.61,
    "revenue":32.67,
    "engagement_score":26,
    "product_upgrade":"No",
    "upsell_eligible":"Yes",
    "churned":"No",
    "churn_date":"",
    "tenure_months":8,
    "cluster_id":3
  },
  {
    "customer_id":"CUST0004",
    "signup_date":"2023-08-31",
    "last_login_date":"2024-01-07",
    "last_campaign_date":"2023-12-19",
    "week_number":51,
    "payment_method":"Cash",
    "age_group":"26-40",
    "gender":"Female",
    "location":"Rural",
    "spending":"Mid ARPU",
    "plan_type":"Prepaid",
    "service_bundle":"Internet",
    "avg_monthly_usage_gb":20.6,
    "device_type":"Replaced",
    "contract_type":"2-Year",
    "billing_status":"Late",
    "support_tickets":3,
    "complaint_score":2,
    "preferred_channel":"SMS",
    "last_campaign":"Holiday Max",
    "campaign_response":"Opened",
    "promotion_used":"Yes",
    "tv_spend":3662.42,
    "email_spend":852.98,
    "sms_spend":378.16,
    "social_spend":894.26,
    "search_spend":3103.63,
    "retail_spend":3381.26,
    "revenue":91.46,
    "engagement_score":57,
    "product_upgrade":"No",
    "upsell_eligible":"Yes",
    "churned":"Yes",
    "churn_date":"2024-03-21",
    "tenure_months":3,
    "cluster_id":3
  },
  {
    "customer_id":"CUST0005",
    "signup_date":"2023-10-25",
    "last_login_date":"2024-03-11",
    "last_campaign_date":"2024-02-24",
    "week_number":8,
    "payment_method":"Credit Card",
    "age_group":"41-60",
    "gender":"Male",
    "location":"Urban",
    "spending":"High ARPU",
    "plan_type":"Postpaid",
    "service_bundle":"Internet + Phone",
    "avg_monthly_usage_gb":6.9,
    "device_type":"Old Modem",
    "contract_type":"Month-to-Month",
    "billing_status":"On-Time",
    "support_tickets":5,
    "complaint_score":0,
    "preferred_channel":"App Notification",
    "last_campaign":"Spring Boost",
    "campaign_response":"Clicked",
    "promotion_used":"Yes",
    "tv_spend":1208.31,
    "email_spend":515.16,
    "sms_spend":313.08,
    "social_spend":4112.15,
    "search_spend":807.86,
    "retail_spend":1030.94,
    "revenue":48.37,
    "engagement_score":43,
    "product_upgrade":"Yes",
    "upsell_eligible":"No",
    "churned":"No",
    "churn_date":"",
    "tenure_months":1,
    "cluster_id":2
  },
  {
    "customer_id":"CUST0006",
    "signup_date":"2023-02-12",
    "last_login_date":"2023-03-09",
    "last_campaign_date":"2023-02-15",
    "week_number":7,
    "payment_method":"Bank Transfer",
    "age_group":"41-60",
    "gender":"Female",
    "location":"Rural",
    "spending":"High ARPU",
    "plan_type":"Prepaid",
    "service_bundle":"Full Bundle",
    "avg_monthly_usage_gb":45.8,
    "device_type":"Replaced",
    "contract_type":"2-Year",
    "billing_status":"On-Time",
    "support_tickets":2,
    "complaint_score":3,
    "preferred_channel":"SMS",
    "last_campaign":"Holiday Max",
    "campaign_response":"Ignored",
    "promotion_used":"No",
    "tv_spend":6257.38,
    "email_spend":2538.97,
    "sms_spend":1014.76,
    "social_spend":1253.28,
    "search_spend":4874.85,
    "retail_spend":2515.87,
    "revenue":86.28,
    "engagement_score":12,
    "product_upgrade":"No",
    "upsell_eligible":"Yes",
    "churned":"No",
    "churn_date":"",
    "tenure_months":9,
    "cluster_id":3
  },
  {
    "customer_id":"CUST0007",
    "signup_date":"2023-08-17",
    "last_login_date":"2023-11-04",
    "last_campaign_date":"2023-09-20",
    "week_number":38,
    "payment_method":"Cash",
    "age_group":"18-25",
    "gender":"Male",
    "location":"Rural",
    "spending":"Mid ARPU",
    "plan_type":"Prepaid",
    "service_bundle":"Internet",
    "avg_monthly_usage_gb":70.9,
    "device_type":"Old Modem",
    "contract_type":"1-Year",
    "billing_status":"Late",
    "support_tickets":3,
    "complaint_score":2,
    "preferred_channel":"SMS",
    "last_campaign":"Spring Boost",
    "campaign_response":"Ignored",
    "promotion_used":"Yes",
    "tv_spend":3149.47,
    "email_spend":2063.76,
    "sms_spend":1802.61,
    "social_spend":3062.89,
    "search_spend":3927.45,
    "retail_spend":898.57,
    "revenue":59.87,
    "engagement_score":59,
    "product_upgrade":"Yes",
    "upsell_eligible":"No",
    "churned":"Yes",
    "churn_date":"2024-01-30",
    "tenure_months":3,
    "cluster_id":3
  },
  {
    "customer_id":"CUST0008",
    "signup_date":"2023-08-01",
    "last_login_date":"2023-11-10",
    "last_campaign_date":"2023-11-06",
    "week_number":45,
    "payment_method":"Cash",
    "age_group":"41-60",
    "gender":"Female",
    "location":"Urban",
    "spending":"High ARPU",
    "plan_type":"Prepaid",
    "service_bundle":"Phone",
    "avg_monthly_usage_gb":64.9,
    "device_type":"New Setup",
    "contract_type":"Month-to-Month",
    "billing_status":"Late",
    "support_tickets":3,
    "complaint_score":2,
    "preferred_channel":"None",
    "last_campaign":"Summer Save",
    "campaign_response":"Opened",
    "promotion_used":"Yes",
    "tv_spend":4208.4,
    "email_spend":1444.07,
    "sms_spend":916.98,
    "social_spend":962.45,
    "search_spend":2794.74,
    "retail_spend":1559.76,
    "revenue":20.69,
    "engagement_score":20,
    "product_upgrade":"Yes",
    "upsell_eligible":"No",
    "churned":"Yes",
    "churn_date":"2024-01-03",
    "tenure_months":4,
    "cluster_id":2
  },
  {
    "customer_id":"CUST0009",
    "signup_date":"2023-03-27",
    "last_login_date":"2023-04-30",
    "last_campaign_date":"2023-04-07",
    "week_number":14,
    "payment_method":"Bank Transfer",
    "age_group":"60+",
    "gender":"Female",
    "location":"Urban",
    "spending":"Mid ARPU",
    "plan_type":"Prepaid",
    "service_bundle":"Internet + TV",
    "avg_monthly_usage_gb":72.5,
    "device_type":"New Setup",
    "contract_type":"2-Year",
    "billing_status":"Late",
    "support_tickets":5,
    "complaint_score":1,
    "preferred_channel":"None",
    "last_campaign":"Fall Retain",
    "campaign_response":"Clicked",
    "promotion_used":"Yes",
    "tv_spend":9904.33,
    "email_spend":682.11,
    "sms_spend":866.75,
    "social_spend":4619.38,
    "search_spend":4956.46,
    "retail_spend":3510.39,
    "revenue":88.6,
    "engagement_score":70,
    "product_upgrade":"Yes",
    "upsell_eligible":"No",
    "churned":"No",
    "churn_date":"",
    "tenure_months":8,
    "cluster_id":1
  },
  {
    "customer_id":"CUST0010",
    "signup_date":"2023-01-02",
    "last_login_date":"2023-02-16",
    "last_campaign_date":"2022-12-28",
    "week_number":52,
    "payment_method":"Debit Card",
    "age_group":"18-25",
    "gender":"Female",
    "location":"Rural",
    "spending":"High ARPU",
    "plan_type":"Postpaid",
    "service_bundle":"Internet + Phone",
    "avg_monthly_usage_gb":88.2,
    "device_type":"New Setup",
    "contract_type":"1-Year",
    "billing_status":"Late",
    "support_tickets":2,
    "complaint_score":0,
    "preferred_channel":"App Notification",
    "last_campaign":"Spring Boost",
    "campaign_response":"Opened",
    "promotion_used":"No",
    "tv_spend":7008.13,
    "email_spend":1961.4,
    "sms_spend":450.36,
    "social_spend":870.52,
    "search_spend":985.98,
    "retail_spend":2354.01,
    "revenue":53.95,
    "engagement_score":60,
    "product_upgrade":"No",
    "upsell_eligible":"Yes",
    "churned":"No",
    "churn_date":"",
    "tenure_months":11,
    "cluster_id":0
  },
  {
    "customer_id":"CUST0011",
    "signup_date":"2023-01-30",
    "last_login_date":"2023-03-16",
    "last_campaign_date":"2023-02-18",
    "week_number":7,
    "payment_method":"Debit Card",
    "age_group":"60+",
    "gender":"Female",
    "location":"Urban",
    "spending":"Mid ARPU",
    "plan_type":"Prepaid",
    "service_bundle":"Full Bundle",
    "avg_monthly_usage_gb":36.8,
    "device_type":"Old Modem",
    "contract_type":"1-Year",
    "billing_status":"On-Time",
    "support_tickets":3,
    "complaint_score":3,
    "preferred_channel":"Email",
    "last_campaign":"Summer Save",
    "campaign_response":"Clicked",
    "promotion_used":"Yes",
    "tv_spend":8936.9,
    "email_spend":2999.7,
    "sms_spend":914.09,
    "social_spend":2262.16,
    "search_spend":3127.88,
    "retail_spend":2862.72,
    "revenue":59.77,
    "engagement_score":100,
    "product_upgrade":"Yes",
    "upsell_eligible":"Yes",
    "churned":"No",
    "churn_date":"",
    "tenure_months":10,
    "cluster_id":3
  },
  {
    "customer_id":"CUST0012",
    "signup_date":"2023-08-10",
    "last_login_date":"2023-12-18",
    "last_campaign_date":"2023-11-02",
    "week_number":44,
    "payment_method":"Bank Transfer",
    "age_group":"26-40",
    "gender":"Male",
    "location":"Rural",
    "spending":"High ARPU",
    "plan_type":"Postpaid",
    "service_bundle":"Internet + Phone",
    "avg_monthly_usage_gb":35.6,
    "device_type":"Old Modem",
    "contract_type":"2-Year",
    "billing_status":"On-Time",
    "support_tickets":5,
    "complaint_score":1,
    "preferred_channel":"Email",
    "last_campaign":"Summer Save",
    "campaign_response":"Ignored",
    "promotion_used":"No",
    "tv_spend":1555.08,
    "email_spend":1412.98,
    "sms_spend":1633.06,
    "social_spend":3179.1,
    "search_spend":4185.33,
    "retail_spend":758.74,
    "revenue":35.43,
    "engagement_score":2,
    "product_upgrade":"No",
    "upsell_eligible":"No",
    "churned":"Yes",
    "churn_date":"2024-02-08",
    "tenure_months":3,
    "cluster_id":2
  },
  {
    "customer_id":"CUST0013",
    "signup_date":"2023-08-04",
    "last_login_date":"2023-11-17",
    "last_campaign_date":"2023-10-16",
    "week_number":42,
    "payment_method":"Debit Card",
    "age_group":"26-40",
    "gender":"Male",
    "location":"Rural",
    "spending":"Mid ARPU",
    "plan_type":"Postpaid",
    "service_bundle":"Internet + Phone",
    "avg_monthly_usage_gb":91.8,
    "device_type":"Replaced",
    "contract_type":"Month-to-Month",
    "billing_status":"Overcharged",
    "support_tickets":0,
    "complaint_score":2,
    "preferred_channel":"App Notification",
    "last_campaign":"Fall Retain",
    "campaign_response":"Ignored",
    "promotion_used":"Yes",
    "tv_spend":4495.74,
    "email_spend":2780.08,
    "sms_spend":1334.36,
    "social_spend":3406.0,
    "search_spend":3209.34,
    "retail_spend":3372.54,
    "revenue":23.64,
    "engagement_score":0,
    "product_upgrade":"No",
    "upsell_eligible":"Yes",
    "churned":"No",
    "churn_date":"",
    "tenure_months":3,
    "cluster_id":0
  },
  {
    "customer_id":"CUST0014",
    "signup_date":"2023-01-19",
    "last_login_date":"2023-02-25",
    "last_campaign_date":"2023-01-22",
    "week_number":3,
    "payment_method":"Mobile Wallet",
    "age_group":"41-60",
    "gender":"Female",
    "location":"Urban",
    "spending":"Mid ARPU",
    "plan_type":"Postpaid",
    "service_bundle":"TV",
    "avg_monthly_usage_gb":34.0,
    "device_type":"New Setup",
    "contract_type":"2-Year",
    "billing_status":"On-Time",
    "support_tickets":3,
    "complaint_score":0,
    "preferred_channel":"None",
    "last_campaign":"Summer Save",
    "campaign_response":"Opened",
    "promotion_used":"No",
    "tv_spend":1628.28,
    "email_spend":2260.55,
    "sms_spend":447.27,
    "social_spend":3186.04,
    "search_spend":4233.6,
    "retail_spend":750.0,
    "revenue":70.66,
    "engagement_score":26,
    "product_upgrade":"Yes",
    "upsell_eligible":"No",
    "churned":"No",
    "churn_date":"",
    "tenure_months":10,
    "cluster_id":3
  },
  {
    "customer_id":"CUST0015",
    "signup_date":"2023-05-24",
    "last_login_date":"2023-11-30",
    "last_campaign_date":"2023-10-04",
    "week_number":40,
    "payment_method":"Credit Card",
    "age_group":"41-60",
    "gender":"Male",
    "location":"Urban",
    "spending":"High ARPU",
    "plan_type":"Prepaid",
    "service_bundle":"Phone",
    "avg_monthly_usage_gb":36.7,
    "device_type":"New Setup",
    "contract_type":"Month-to-Month",
    "billing_status":"On-Time",
    "support_tickets":2,
    "complaint_score":0,
    "preferred_channel":"Email",
    "last_campaign":"Summer Save",
    "campaign_response":"Opened",
    "promotion_used":"Yes",
    "tv_spend":7131.49,
    "email_spend":860.16,
    "sms_spend":1543.47,
    "social_spend":2601.2,
    "search_spend":3480.76,
    "retail_spend":1698.96,
    "revenue":48.26,
    "engagement_score":2,
    "product_upgrade":"No",
    "upsell_eligible":"Yes",
    "churned":"Yes",
    "churn_date":"2024-01-31",
    "tenure_months":6,
    "cluster_id":2
  },
  {
    "customer_id":"CUST0016",
    "signup_date":"2023-03-31",
    "last_login_date":"2023-08-17",
    "last_campaign_date":"2023-06-28",
    "week_number":26,
    "payment_method":"Bank Transfer",
    "age_group":"60+",
    "gender":"Male",
    "location":"Rural",
    "spending":"Mid ARPU",
    "plan_type":"Postpaid",
    "service_bundle":"Internet + TV",
    "avg_monthly_usage_gb":21.8,
    "device_type":"Old Modem",
    "contract_type":"2-Year",
    "billing_status":"On-Time",
    "support_tickets":0,
    "complaint_score":2,
    "preferred_channel":"None",
    "last_campaign":"Holiday Max",
    "campaign_response":"Opened",
    "promotion_used":"Yes",
    "tv_spend":3109.58,
    "email_spend":1526.87,
    "sms_spend":1669.7,
    "social_spend":3157.29,
    "search_spend":1944.05,
    "retail_spend":1088.73,
    "revenue":72.07,
    "engagement_score":89,
    "product_upgrade":"Yes",
    "upsell_eligible":"Yes",
    "churned":"Yes",
    "churn_date":"2023-10-01",
    "tenure_months":8,
    "cluster_id":3
  },
  {
    "customer_id":"CUST0017",
    "signup_date":"2023-02-23",
    "last_login_date":"2023-03-15",
    "last_campaign_date":"2023-02-19",
    "week_number":7,
    "payment_method":"Mobile Wallet",
    "age_group":"26-40",
    "gender":"Female",
    "location":"Rural",
    "spending":"Mid ARPU",
    "plan_type":"Postpaid",
    "service_bundle":"Internet + Phone",
    "avg_monthly_usage_gb":6.5,
    "device_type":"Replaced",
    "contract_type":"Month-to-Month",
    "billing_status":"On-Time",
    "support_tickets":4,
    "complaint_score":3,
    "preferred_channel":"Email",
    "last_campaign":"Holiday Max",
    "campaign_response":"Ignored",
    "promotion_used":"Yes",
    "tv_spend":6083.7,
    "email_spend":2272.54,
    "sms_spend":897.95,
    "social_spend":4398.02,
    "search_spend":2312.67,
    "retail_spend":557.36,
    "revenue":76.03,
    "engagement_score":63,
    "product_upgrade":"No",
    "upsell_eligible":"Yes",
    "churned":"No",
    "churn_date":"",
    "tenure_months":9,
    "cluster_id":2
  },
  {
    "customer_id":"CUST0018",
    "signup_date":"2023-01-24",
    "last_login_date":"2023-06-06",
    "last_campaign_date":"2023-05-07",
    "week_number":18,
    "payment_method":"Mobile Wallet",
    "age_group":"26-40",
    "gender":"Female",
    "location":"Rural",
    "spending":"Mid ARPU",
    "plan_type":"Postpaid",
    "service_bundle":"Phone",
    "avg_monthly_usage_gb":46.0,
    "device_type":"Replaced",
    "contract_type":"Month-to-Month",
    "billing_status":"Late",
    "support_tickets":3,
    "complaint_score":0,
    "preferred_channel":"App Notification",
    "last_campaign":"Summer Save",
    "campaign_response":"Opened",
    "promotion_used":"Yes",
    "tv_spend":4538.97,
    "email_spend":2454.04,
    "sms_spend":1948.58,
    "social_spend":2292.12,
    "search_spend":4491.99,
    "retail_spend":838.55,
    "revenue":77.14,
    "engagement_score":54,
    "product_upgrade":"No",
    "upsell_eligible":"Yes",
    "churned":"Yes",
    "churn_date":"2023-07-11",
    "tenure_months":10,
    "cluster_id":3
  },
  {
    "customer_id":"CUST0019",
    "signup_date":"2023-01-01",
    "last_login_date":"2023-05-19",
    "last_campaign_date":"2023-04-25",
    "week_number":17,
    "payment_method":"Cash",
    "age_group":"41-60",
    "gender":"Male",
    "location":"Urban",
    "spending":"High ARPU",
    "plan_type":"Postpaid",
    "service_bundle":"Internet + TV",
    "avg_monthly_usage_gb":53.9,
    "device_type":"Replaced",
    "contract_type":"Month-to-Month",
    "billing_status":"On-Time",
    "support_tickets":1,
    "complaint_score":3,
    "preferred_channel":"Email",
    "last_campaign":"Summer Save",
    "campaign_response":"Clicked",
    "promotion_used":"Yes",
    "tv_spend":5397.35,
    "email_spend":2302.71,
    "sms_spend":1275.7,
    "social_spend":1043.55,
    "search_spend":4156.6,
    "retail_spend":3128.57,
    "revenue":94.31,
    "engagement_score":7,
    "product_upgrade":"Yes",
    "upsell_eligible":"No",
    "churned":"Yes",
    "churn_date":"2023-08-01",
    "tenure_months":11,
    "cluster_id":3
  },
  {
    "customer_id":"CUST0020",
    "signup_date":"2023-04-14",
    "last_login_date":"2023-09-27",
    "last_campaign_date":"2023-09-20",
    "week_number":38,
    "payment_method":"Debit Card",
    "age_group":"18-25",
    "gender":"Male",
    "location":"Rural",
    "spending":"Low ARPU",
    "plan_type":"Prepaid",
    "service_bundle":"Internet + Phone",
    "avg_monthly_usage_gb":81.3,
    "device_type":"New Setup",
    "contract_type":"Month-to-Month",
    "billing_status":"On-Time",
    "support_tickets":3,
    "complaint_score":2,
    "preferred_channel":"Email",
    "last_campaign":"Fall Retain",
    "campaign_response":"Opened",
    "promotion_used":"Yes",
    "tv_spend":4452.06,
    "email_spend":2610.98,
    "sms_spend":1210.3,
    "social_spend":939.04,
    "search_spend":3051.22,
    "retail_spend":2001.38,
    "revenue":74.21,
    "engagement_score":65,
    "product_upgrade":"Yes",
    "upsell_eligible":"Yes",
    "churned":"No",
    "churn_date":"",
    "tenure_months":7,
    "cluster_id":3
  },
  {
    "customer_id":"CUST0021",
    "signup_date":"2023-07-23",
    "last_login_date":"2024-02-03",
    "last_campaign_date":"2024-01-11",
    "week_number":2,
    "payment_method":"Cash",
    "age_group":"26-40",
    "gender":"Male",
    "location":"Urban",
    "spending":"High ARPU",
    "plan_type":"Postpaid",
    "service_bundle":"Internet + TV",
    "avg_monthly_usage_gb":25.8,
    "device_type":"Replaced",
    "contract_type":"2-Year",
    "billing_status":"On-Time",
    "support_tickets":5,
    "complaint_score":0,
    "preferred_channel":"Email",
    "last_campaign":"Holiday Max",
    "campaign_response":"Ignored",
    "promotion_used":"No",
    "tv_spend":3443.71,
    "email_spend":2332.78,
    "sms_spend":1695.15,
    "social_spend":3348.54,
    "search_spend":4367.25,
    "retail_spend":2077.75,
    "revenue":68.01,
    "engagement_score":25,
    "product_upgrade":"No",
    "upsell_eligible":"Yes",
    "churned":"No",
    "churn_date":"",
    "tenure_months":4,
    "cluster_id":1
  },
  {
    "customer_id":"CUST0022",
    "signup_date":"2023-04-14",
    "last_login_date":"2023-08-13",
    "last_campaign_date":"2023-06-26",
    "week_number":26,
    "payment_method":"Cash",
    "age_group":"26-40",
    "gender":"Male",
    "location":"Urban",
    "spending":"Mid ARPU",
    "plan_type":"Postpaid",
    "service_bundle":"Phone",
    "avg_monthly_usage_gb":62.2,
    "device_type":"Replaced",
    "contract_type":"Month-to-Month",
    "billing_status":"Late",
    "support_tickets":5,
    "complaint_score":3,
    "preferred_channel":"None",
    "last_campaign":"Fall Retain",
    "campaign_response":"Opened",
    "promotion_used":"Yes",
    "tv_spend":3778.66,
    "email_spend":2527.5,
    "sms_spend":510.25,
    "social_spend":640.69,
    "search_spend":1952.35,
    "retail_spend":1288.28,
    "revenue":54.26,
    "engagement_score":52,
    "product_upgrade":"Yes",
    "upsell_eligible":"Yes",
    "churned":"Yes",
    "churn_date":"2023-10-12",
    "tenure_months":7,
    "cluster_id":3
  },
  {
    "customer_id":"CUST0023",
    "signup_date":"2023-10-14",
    "last_login_date":"2024-04-20",
    "last_campaign_date":"2024-03-05",
    "week_number":10,
    "payment_method":"Debit Card",
    "age_group":"41-60",
    "gender":"Female",
    "location":"Rural",
    "spending":"Mid ARPU",
    "plan_type":"Postpaid",
    "service_bundle":"Internet",
    "avg_monthly_usage_gb":89.1,
    "device_type":"New Setup",
    "contract_type":"2-Year",
    "billing_status":"Late",
    "support_tickets":5,
    "complaint_score":1,
    "preferred_channel":"App Notification",
    "last_campaign":"Fall Retain",
    "campaign_response":"Clicked",
    "promotion_used":"No",
    "tv_spend":4570.25,
    "email_spend":1009.61,
    "sms_spend":962.65,
    "social_spend":4925.53,
    "search_spend":1702.71,
    "retail_spend":3636.45,
    "revenue":32.98,
    "engagement_score":49,
    "product_upgrade":"No",
    "upsell_eligible":"Yes",
    "churned":"No",
    "churn_date":"",
    "tenure_months":1,
    "cluster_id":1
  },
  {
    "customer_id":"CUST0024",
    "signup_date":"2023-02-28",
    "last_login_date":"2023-09-16",
    "last_campaign_date":"2023-07-24",
    "week_number":30,
    "payment_method":"Mobile Wallet",
    "age_group":"60+",
    "gender":"Female",
    "location":"Rural",
    "spending":"High ARPU",
    "plan_type":"Postpaid",
    "service_bundle":"Internet + Phone",
    "avg_monthly_usage_gb":73.9,
    "device_type":"Replaced",
    "contract_type":"1-Year",
    "billing_status":"On-Time",
    "support_tickets":0,
    "complaint_score":3,
    "preferred_channel":"Email",
    "last_campaign":"Fall Retain",
    "campaign_response":"Opened",
    "promotion_used":"No",
    "tv_spend":1724.03,
    "email_spend":2028.61,
    "sms_spend":1350.6,
    "social_spend":3541.31,
    "search_spend":2368.83,
    "retail_spend":2626.26,
    "revenue":48.02,
    "engagement_score":96,
    "product_upgrade":"No",
    "upsell_eligible":"Yes",
    "churned":"No",
    "churn_date":"",
    "tenure_months":9,
    "cluster_id":3
  },
  {
    "customer_id":"CUST0025",
    "signup_date":"2023-10-05",
    "last_login_date":"2024-01-02",
    "last_campaign_date":"2023-12-31",
    "week_number":52,
    "payment_method":"Bank Transfer",
    "age_group":"26-40",
    "gender":"Male",
    "location":"Rural",
    "spending":"High ARPU",
    "plan_type":"Prepaid",
    "service_bundle":"Internet + TV",
    "avg_monthly_usage_gb":64.2,
    "device_type":"Replaced",
    "contract_type":"Month-to-Month",
    "billing_status":"On-Time",
    "support_tickets":1,
    "complaint_score":3,
    "preferred_channel":"SMS",
    "last_campaign":"Holiday Max",
    "campaign_response":"Ignored",
    "promotion_used":"No",
    "tv_spend":3138.45,
    "email_spend":1488.49,
    "sms_spend":1498.27,
    "social_spend":1647.59,
    "search_spend":1462.57,
    "retail_spend":2660.79,
    "revenue":90.73,
    "engagement_score":65,
    "product_upgrade":"Yes",
    "upsell_eligible":"Yes",
    "churned":"No",
    "churn_date":"",
    "tenure_months":1,
    "cluster_id":0
  },
  {
    "customer_id":"CUST0026",
    "signup_date":"2023-04-11",
    "last_login_date":"2023-05-15",
    "last_campaign_date":"2023-05-03",
    "week_number":18,
    "payment_method":"Mobile Wallet",
    "age_group":"26-40",
    "gender":"Female",
    "location":"Rural",
    "spending":"High ARPU",
    "plan_type":"Prepaid",
    "service_bundle":"Internet + Phone",
    "avg_monthly_usage_gb":90.9,
    "device_type":"Old Modem",
    "contract_type":"1-Year",
    "billing_status":"Late",
    "support_tickets":0,
    "complaint_score":1,
    "preferred_channel":"SMS",
    "last_campaign":"Summer Save",
    "campaign_response":"Ignored",
    "promotion_used":"Yes",
    "tv_spend":9036.07,
    "email_spend":1025.58,
    "sms_spend":1231.58,
    "social_spend":1561.61,
    "search_spend":1071.31,
    "retail_spend":2270.56,
    "revenue":75.5,
    "engagement_score":27,
    "product_upgrade":"No",
    "upsell_eligible":"Yes",
    "churned":"Yes",
    "churn_date":"2023-07-11",
    "tenure_months":7,
    "cluster_id":0
  },
  {
    "customer_id":"CUST0027",
    "signup_date":"2023-07-15",
    "last_login_date":"2023-11-01",
    "last_campaign_date":"2023-10-23",
    "week_number":43,
    "payment_method":"Bank Transfer",
    "age_group":"60+",
    "gender":"Female",
    "location":"Rural",
    "spending":"Mid ARPU",
    "plan_type":"Postpaid",
    "service_bundle":"Internet + TV",
    "avg_monthly_usage_gb":91.3,
    "device_type":"Old Modem",
    "contract_type":"Month-to-Month",
    "billing_status":"Late",
    "support_tickets":2,
    "complaint_score":2,
    "preferred_channel":"None",
    "last_campaign":"Summer Save",
    "campaign_response":"Ignored",
    "promotion_used":"No",
    "tv_spend":5992.46,
    "email_spend":1616.79,
    "sms_spend":418.6,
    "social_spend":3860.81,
    "search_spend":2984.24,
    "retail_spend":1723.71,
    "revenue":48.75,
    "engagement_score":17,
    "product_upgrade":"Yes",
    "upsell_eligible":"Yes",
    "churned":"Yes",
    "churn_date":"2024-01-14",
    "tenure_months":4,
    "cluster_id":2
  },
  {
    "customer_id":"CUST0028",
    "signup_date":"2023-10-14",
    "last_login_date":"2023-11-29",
    "last_campaign_date":"2023-11-01",
    "week_number":44,
    "payment_method":"Cash",
    "age_group":"26-40",
    "gender":"Male",
    "location":"Rural",
    "spending":"Low ARPU",
    "plan_type":"Postpaid",
    "service_bundle":"Phone",
    "avg_monthly_usage_gb":50.7,
    "device_type":"Replaced",
    "contract_type":"Month-to-Month",
    "billing_status":"Late",
    "support_tickets":3,
    "complaint_score":2,
    "preferred_channel":"Email",
    "last_campaign":"Fall Retain",
    "campaign_response":"Clicked",
    "promotion_used":"No",
    "tv_spend":1863.78,
    "email_spend":1995.12,
    "sms_spend":1565.38,
    "social_spend":2875.67,
    "search_spend":1496.24,
    "retail_spend":1296.36,
    "revenue":40.55,
    "engagement_score":12,
    "product_upgrade":"No",
    "upsell_eligible":"No",
    "churned":"Yes",
    "churn_date":"2024-01-03",
    "tenure_months":1,
    "cluster_id":2
  },
  {
    "customer_id":"CUST0029",
    "signup_date":"2023-06-11",
    "last_login_date":"2023-11-21",
    "last_campaign_date":"2023-10-26",
    "week_number":43,
    "payment_method":"Mobile Wallet",
    "age_group":"18-25",
    "gender":"Female",
    "location":"Rural",
    "spending":"Low ARPU",
    "plan_type":"Postpaid",
    "service_bundle":"TV",
    "avg_monthly_usage_gb":91.9,
    "device_type":"Replaced",
    "contract_type":"2-Year",
    "billing_status":"Late",
    "support_tickets":5,
    "complaint_score":0,
    "preferred_channel":"App Notification",
    "last_campaign":"Summer Save",
    "campaign_response":"Clicked",
    "promotion_used":"No",
    "tv_spend":7311.38,
    "email_spend":829.96,
    "sms_spend":1710.95,
    "social_spend":4364.65,
    "search_spend":4583.45,
    "retail_spend":1233.91,
    "revenue":81.47,
    "engagement_score":83,
    "product_upgrade":"No",
    "upsell_eligible":"Yes",
    "churned":"Yes",
    "churn_date":"2023-12-22",
    "tenure_months":5,
    "cluster_id":1
  },
  {
    "customer_id":"CUST0030",
    "signup_date":"2023-04-25",
    "last_login_date":"2023-07-22",
    "last_campaign_date":"2023-07-17",
    "week_number":29,
    "payment_method":"Debit Card",
    "age_group":"26-40",
    "gender":"Male",
    "location":"Rural",
    "spending":"Mid ARPU",
    "plan_type":"Prepaid",
    "service_bundle":"Full Bundle",
    "avg_monthly_usage_gb":58.6,
    "device_type":"Old Modem",
    "contract_type":"Month-to-Month",
    "billing_status":"Overcharged",
    "support_tickets":4,
    "complaint_score":1,
    "preferred_channel":"App Notification",
    "last_campaign":"Summer Save",
    "campaign_response":"Ignored",
    "promotion_used":"Yes",
    "tv_spend":1009.78,
    "email_spend":1492.06,
    "sms_spend":960.65,
    "social_spend":1133.62,
    "search_spend":4547.51,
    "retail_spend":794.96,
    "revenue":54.45,
    "engagement_score":71,
    "product_upgrade":"No",
    "upsell_eligible":"No",
    "churned":"No",
    "churn_date":"",
    "tenure_months":7,
    "cluster_id":3
  },
  {
    "customer_id":"CUST0031",
    "signup_date":"2023-03-01",
    "last_login_date":"2023-05-19",
    "last_campaign_date":"2023-05-04",
    "week_number":18,
    "payment_method":"Credit Card",
    "age_group":"26-40",
    "gender":"Male",
    "location":"Urban",
    "spending":"Mid ARPU",
    "plan_type":"Prepaid",
    "service_bundle":"Internet",
    "avg_monthly_usage_gb":71.8,
    "device_type":"Old Modem",
    "contract_type":"1-Year",
    "billing_status":"On-Time",
    "support_tickets":0,
    "complaint_score":0,
    "preferred_channel":"SMS",
    "last_campaign":"Spring Boost",
    "campaign_response":"Ignored",
    "promotion_used":"Yes",
    "tv_spend":9132.6,
    "email_spend":1271.33,
    "sms_spend":1038.5,
    "social_spend":3990.26,
    "search_spend":2134.12,
    "retail_spend":1328.02,
    "revenue":59.12,
    "engagement_score":25,
    "product_upgrade":"No",
    "upsell_eligible":"Yes",
    "churned":"No",
    "churn_date":"",
    "tenure_months":9,
    "cluster_id":0
  },
  {
    "customer_id":"CUST0032",
    "signup_date":"2023-10-25",
    "last_login_date":"2023-12-19",
    "last_campaign_date":"2023-11-18",
    "week_number":46,
    "payment_method":"Credit Card",
    "age_group":"60+",
    "gender":"Male",
    "location":"Rural",
    "spending":"High ARPU",
    "plan_type":"Prepaid",
    "service_bundle":"Internet + Phone",
    "avg_monthly_usage_gb":45.9,
    "device_type":"Replaced",
    "contract_type":"Month-to-Month",
    "billing_status":"On-Time",
    "support_tickets":2,
    "complaint_score":0,
    "preferred_channel":"None",
    "last_campaign":"Spring Boost",
    "campaign_response":"Opened",
    "promotion_used":"No",
    "tv_spend":6685.9,
    "email_spend":1971.69,
    "sms_spend":1723.83,
    "social_spend":2733.75,
    "search_spend":4539.84,
    "retail_spend":3670.81,
    "revenue":48.81,
    "engagement_score":79,
    "product_upgrade":"Yes",
    "upsell_eligible":"No",
    "churned":"Yes",
    "churn_date":"2024-03-16",
    "tenure_months":1,
    "cluster_id":1
  },
  {
    "customer_id":"CUST0033",
    "signup_date":"2023-10-09",
    "last_login_date":"2023-11-02",
    "last_campaign_date":"2023-09-12",
    "week_number":37,
    "payment_method":"Debit Card",
    "age_group":"26-40",
    "gender":"Male",
    "location":"Rural",
    "spending":"Low ARPU",
    "plan_type":"Postpaid",
    "service_bundle":"Internet",
    "avg_monthly_usage_gb":6.9,
    "device_type":"Replaced",
    "contract_type":"2-Year",
    "billing_status":"Overcharged",
    "support_tickets":1,
    "complaint_score":1,
    "preferred_channel":"Email",
    "last_campaign":"Summer Save",
    "campaign_response":"Clicked",
    "promotion_used":"Yes",
    "tv_spend":9452.53,
    "email_spend":1179.51,
    "sms_spend":836.72,
    "social_spend":3228.6,
    "search_spend":2892.21,
    "retail_spend":1026.8,
    "revenue":37.47,
    "engagement_score":31,
    "product_upgrade":"Yes",
    "upsell_eligible":"Yes",
    "churned":"Yes",
    "churn_date":"2024-01-01",
    "tenure_months":1,
    "cluster_id":2
  },
  {
    "customer_id":"CUST0034",
    "signup_date":"2023-02-12",
    "last_login_date":"2023-06-04",
    "last_campaign_date":"2023-04-14",
    "week_number":15,
    "payment_method":"Bank Transfer",
    "age_group":"18-25",
    "gender":"Female",
    "location":"Urban",
    "spending":"Mid ARPU",
    "plan_type":"Prepaid",
    "service_bundle":"TV",
    "avg_monthly_usage_gb":13.5,
    "device_type":"Replaced",
    "contract_type":"Month-to-Month",
    "billing_status":"Late",
    "support_tickets":2,
    "complaint_score":1,
    "preferred_channel":"App Notification",
    "last_campaign":"Summer Save",
    "campaign_response":"Ignored",
    "promotion_used":"No",
    "tv_spend":3713.49,
    "email_spend":950.75,
    "sms_spend":982.89,
    "social_spend":4028.59,
    "search_spend":3291.5,
    "retail_spend":725.19,
    "revenue":23.04,
    "engagement_score":52,
    "product_upgrade":"Yes",
    "upsell_eligible":"No",
    "churned":"No",
    "churn_date":"",
    "tenure_months":9,
    "cluster_id":2
  },
  {
    "customer_id":"CUST0035",
    "signup_date":"2023-06-12",
    "last_login_date":"2023-12-27",
    "last_campaign_date":"2023-10-28",
    "week_number":43,
    "payment_method":"Credit Card",
    "age_group":"60+",
    "gender":"Female",
    "location":"Urban",
    "spending":"Low ARPU",
    "plan_type":"Prepaid",
    "service_bundle":"TV",
    "avg_monthly_usage_gb":38.2,
    "device_type":"Replaced",
    "contract_type":"2-Year",
    "billing_status":"Overcharged",
    "support_tickets":2,
    "complaint_score":0,
    "preferred_channel":"None",
    "last_campaign":"Holiday Max",
    "campaign_response":"Ignored",
    "promotion_used":"No",
    "tv_spend":3231.54,
    "email_spend":2129.04,
    "sms_spend":1011.95,
    "social_spend":1492.71,
    "search_spend":589.93,
    "retail_spend":2837.24,
    "revenue":66.79,
    "engagement_score":97,
    "product_upgrade":"Yes",
    "upsell_eligible":"Yes",
    "churned":"Yes",
    "churn_date":"2024-02-28",
    "tenure_months":5,
    "cluster_id":0
  },
  {
    "customer_id":"CUST0036",
    "signup_date":"2023-02-17",
    "last_login_date":"2023-04-10",
    "last_campaign_date":"2023-02-22",
    "week_number":8,
    "payment_method":"Cash",
    "age_group":"26-40",
    "gender":"Male",
    "location":"Rural",
    "spending":"High ARPU",
    "plan_type":"Postpaid",
    "service_bundle":"Internet + TV",
    "avg_monthly_usage_gb":44.0,
    "device_type":"Replaced",
    "contract_type":"Month-to-Month",
    "billing_status":"Overcharged",
    "support_tickets":4,
    "complaint_score":3,
    "preferred_channel":"SMS",
    "last_campaign":"Summer Save",
    "campaign_response":"Clicked",
    "promotion_used":"Yes",
    "tv_spend":1571.0,
    "email_spend":2845.38,
    "sms_spend":1381.56,
    "social_spend":1180.62,
    "search_spend":2239.23,
    "retail_spend":1515.79,
    "revenue":22.52,
    "engagement_score":36,
    "product_upgrade":"No",
    "upsell_eligible":"Yes",
    "churned":"No",
    "churn_date":"",
    "tenure_months":9,
    "cluster_id":3
  },
  {
    "customer_id":"CUST0037",
    "signup_date":"2023-04-30",
    "last_login_date":"2023-05-23",
    "last_campaign_date":"2023-05-19",
    "week_number":20,
    "payment_method":"Debit Card",
    "age_group":"41-60",
    "gender":"Female",
    "location":"Urban",
    "spending":"Low ARPU",
    "plan_type":"Postpaid",
    "service_bundle":"Internet + TV",
    "avg_monthly_usage_gb":19.4,
    "device_type":"New Setup",
    "contract_type":"Month-to-Month",
    "billing_status":"Overcharged",
    "support_tickets":4,
    "complaint_score":0,
    "preferred_channel":"Email",
    "last_campaign":"Holiday Max",
    "campaign_response":"Clicked",
    "promotion_used":"No",
    "tv_spend":7282.96,
    "email_spend":1714.44,
    "sms_spend":1673.12,
    "social_spend":3663.4,
    "search_spend":4062.94,
    "retail_spend":3725.56,
    "revenue":63.42,
    "engagement_score":96,
    "product_upgrade":"Yes",
    "upsell_eligible":"Yes",
    "churned":"No",
    "churn_date":"",
    "tenure_months":7,
    "cluster_id":1
  },
  {
    "customer_id":"CUST0038",
    "signup_date":"2023-10-21",
    "last_login_date":"2024-02-17",
    "last_campaign_date":"2023-12-29",
    "week_number":52,
    "payment_method":"Mobile Wallet",
    "age_group":"60+",
    "gender":"Male",
    "location":"Urban",
    "spending":"High ARPU",
    "plan_type":"Postpaid",
    "service_bundle":"Internet",
    "avg_monthly_usage_gb":5.8,
    "device_type":"Replaced",
    "contract_type":"2-Year",
    "billing_status":"On-Time",
    "support_tickets":5,
    "complaint_score":2,
    "preferred_channel":"None",
    "last_campaign":"Holiday Max",
    "campaign_response":"Opened",
    "promotion_used":"Yes",
    "tv_spend":7732.74,
    "email_spend":572.1,
    "sms_spend":716.64,
    "social_spend":2313.53,
    "search_spend":3304.29,
    "retail_spend":1353.87,
    "revenue":60.11,
    "engagement_score":55,
    "product_upgrade":"Yes",
    "upsell_eligible":"No",
    "churned":"No",
    "churn_date":"",
    "tenure_months":1,
    "cluster_id":2
  },
  {
    "customer_id":"CUST0039",
    "signup_date":"2023-06-08",
    "last_login_date":"2023-09-15",
    "last_campaign_date":"2023-09-08",
    "week_number":36,
    "payment_method":"Credit Card",
    "age_group":"18-25",
    "gender":"Female",
    "location":"Rural",
    "spending":"Mid ARPU",
    "plan_type":"Prepaid",
    "service_bundle":"TV",
    "avg_monthly_usage_gb":42.7,
    "device_type":"Replaced",
    "contract_type":"Month-to-Month",
    "billing_status":"Late",
    "support_tickets":1,
    "complaint_score":1,
    "preferred_channel":"App Notification",
    "last_campaign":"Fall Retain",
    "campaign_response":"Ignored",
    "promotion_used":"Yes",
    "tv_spend":5399.18,
    "email_spend":917.56,
    "sms_spend":1421.31,
    "social_spend":1229.18,
    "search_spend":3700.39,
    "retail_spend":2551.75,
    "revenue":81.34,
    "engagement_score":24,
    "product_upgrade":"No",
    "upsell_eligible":"No",
    "churned":"Yes",
    "churn_date":"2023-10-18",
    "tenure_months":5,
    "cluster_id":0
  },
  {
    "customer_id":"CUST0040",
    "signup_date":"2023-09-25",
    "last_login_date":"2024-01-28",
    "last_campaign_date":"2024-01-14",
    "week_number":2,
    "payment_method":"Credit Card",
    "age_group":"18-25",
    "gender":"Male",
    "location":"Rural",
    "spending":"Low ARPU",
    "plan_type":"Prepaid",
    "service_bundle":"Phone",
    "avg_monthly_usage_gb":65.8,
    "device_type":"Replaced",
    "contract_type":"1-Year",
    "billing_status":"Late",
    "support_tickets":5,
    "complaint_score":2,
    "preferred_channel":"Email",
    "last_campaign":"Spring Boost",
    "campaign_response":"Ignored",
    "promotion_used":"No",
    "tv_spend":7718.31,
    "email_spend":2566.99,
    "sms_spend":1593.82,
    "social_spend":4520.02,
    "search_spend":2488.44,
    "retail_spend":732.6,
    "revenue":88.23,
    "engagement_score":5,
    "product_upgrade":"No",
    "upsell_eligible":"No",
    "churned":"No",
    "churn_date":"",
    "tenure_months":2,
    "cluster_id":2
  },
  {
    "customer_id":"CUST0041",
    "signup_date":"2023-04-11",
    "last_login_date":"2023-05-28",
    "last_campaign_date":"2023-04-29",
    "week_number":17,
    "payment_method":"Mobile Wallet",
    "age_group":"26-40",
    "gender":"Female",
    "location":"Rural",
    "spending":"Mid ARPU",
    "plan_type":"Prepaid",
    "service_bundle":"Phone",
    "avg_monthly_usage_gb":23.3,
    "device_type":"New Setup",
    "contract_type":"1-Year",
    "billing_status":"Overcharged",
    "support_tickets":0,
    "complaint_score":2,
    "preferred_channel":"None",
    "last_campaign":"Fall Retain",
    "campaign_response":"Ignored",
    "promotion_used":"Yes",
    "tv_spend":8701.68,
    "email_spend":1889.94,
    "sms_spend":1057.1,
    "social_spend":1809.3,
    "search_spend":2181.71,
    "retail_spend":1487.64,
    "revenue":32.26,
    "engagement_score":3,
    "product_upgrade":"Yes",
    "upsell_eligible":"Yes",
    "churned":"Yes",
    "churn_date":"2023-07-21",
    "tenure_months":7,
    "cluster_id":0
  },
  {
    "customer_id":"CUST0042",
    "signup_date":"2023-01-03",
    "last_login_date":"2023-03-20",
    "last_campaign_date":"2023-01-27",
    "week_number":4,
    "payment_method":"Mobile Wallet",
    "age_group":"26-40",
    "gender":"Male",
    "location":"Urban",
    "spending":"High ARPU",
    "plan_type":"Postpaid",
    "service_bundle":"Internet + TV",
    "avg_monthly_usage_gb":13.6,
    "device_type":"New Setup",
    "contract_type":"2-Year",
    "billing_status":"Late",
    "support_tickets":2,
    "complaint_score":2,
    "preferred_channel":"Email",
    "last_campaign":"Fall Retain",
    "campaign_response":"Ignored",
    "promotion_used":"Yes",
    "tv_spend":3022.21,
    "email_spend":2481.14,
    "sms_spend":990.98,
    "social_spend":3126.68,
    "search_spend":4779.62,
    "retail_spend":576.83,
    "revenue":47.8,
    "engagement_score":37,
    "product_upgrade":"No",
    "upsell_eligible":"No",
    "churned":"Yes",
    "churn_date":"2023-06-14",
    "tenure_months":11,
    "cluster_id":3
  },
  {
    "customer_id":"CUST0043",
    "signup_date":"2023-03-28",
    "last_login_date":"2023-04-12",
    "last_campaign_date":"2023-02-23",
    "week_number":8,
    "payment_method":"Debit Card",
    "age_group":"60+",
    "gender":"Female",
    "location":"Urban",
    "spending":"Mid ARPU",
    "plan_type":"Postpaid",
    "service_bundle":"TV",
    "avg_monthly_usage_gb":68.4,
    "device_type":"New Setup",
    "contract_type":"Month-to-Month",
    "billing_status":"On-Time",
    "support_tickets":2,
    "complaint_score":0,
    "preferred_channel":"None",
    "last_campaign":"Fall Retain",
    "campaign_response":"Clicked",
    "promotion_used":"No",
    "tv_spend":4690.41,
    "email_spend":1355.9,
    "sms_spend":336.19,
    "social_spend":4681.52,
    "search_spend":4349.94,
    "retail_spend":3104.03,
    "revenue":60.81,
    "engagement_score":77,
    "product_upgrade":"Yes",
    "upsell_eligible":"Yes",
    "churned":"No",
    "churn_date":"",
    "tenure_months":8,
    "cluster_id":1
  },
  {
    "customer_id":"CUST0044",
    "signup_date":"2023-05-18",
    "last_login_date":"2023-11-11",
    "last_campaign_date":"2023-09-26",
    "week_number":39,
    "payment_method":"Bank Transfer",
    "age_group":"60+",
    "gender":"Female",
    "location":"Urban",
    "spending":"High ARPU",
    "plan_type":"Postpaid",
    "service_bundle":"Internet + TV",
    "avg_monthly_usage_gb":75.1,
    "device_type":"New Setup",
    "contract_type":"2-Year",
    "billing_status":"Late",
    "support_tickets":3,
    "complaint_score":0,
    "preferred_channel":"Email",
    "last_campaign":"Summer Save",
    "campaign_response":"Opened",
    "promotion_used":"Yes",
    "tv_spend":3351.38,
    "email_spend":2128.34,
    "sms_spend":1763.09,
    "social_spend":2533.31,
    "search_spend":4126.34,
    "retail_spend":2125.04,
    "revenue":50.92,
    "engagement_score":47,
    "product_upgrade":"Yes",
    "upsell_eligible":"No",
    "churned":"Yes",
    "churn_date":"2024-02-06",
    "tenure_months":6,
    "cluster_id":3
  },
  {
    "customer_id":"CUST0045",
    "signup_date":"2023-08-30",
    "last_login_date":"2023-09-10",
    "last_campaign_date":"2023-08-03",
    "week_number":31,
    "payment_method":"Credit Card",
    "age_group":"60+",
    "gender":"Male",
    "location":"Urban",
    "spending":"High ARPU",
    "plan_type":"Postpaid",
    "service_bundle":"Full Bundle",
    "avg_monthly_usage_gb":7.6,
    "device_type":"New Setup",
    "contract_type":"Month-to-Month",
    "billing_status":"On-Time",
    "support_tickets":3,
    "complaint_score":0,
    "preferred_channel":"App Notification",
    "last_campaign":"Holiday Max",
    "campaign_response":"Ignored",
    "promotion_used":"No",
    "tv_spend":7178.54,
    "email_spend":1067.14,
    "sms_spend":361.76,
    "social_spend":537.35,
    "search_spend":2909.51,
    "retail_spend":823.84,
    "revenue":44.55,
    "engagement_score":16,
    "product_upgrade":"Yes",
    "upsell_eligible":"No",
    "churned":"Yes",
    "churn_date":"2023-11-05",
    "tenure_months":3,
    "cluster_id":2
  },
  {
    "customer_id":"CUST0046",
    "signup_date":"2023-04-02",
    "last_login_date":"2023-09-24",
    "last_campaign_date":"2023-07-26",
    "week_number":30,
    "payment_method":"Credit Card",
    "age_group":"26-40",
    "gender":"Male",
    "location":"Urban",
    "spending":"High ARPU",
    "plan_type":"Postpaid",
    "service_bundle":"Phone",
    "avg_monthly_usage_gb":38.6,
    "device_type":"New Setup",
    "contract_type":"Month-to-Month",
    "billing_status":"Late",
    "support_tickets":3,
    "complaint_score":1,
    "preferred_channel":"None",
    "last_campaign":"Spring Boost",
    "campaign_response":"Opened",
    "promotion_used":"Yes",
    "tv_spend":7691.2,
    "email_spend":710.24,
    "sms_spend":1094.87,
    "social_spend":3592.06,
    "search_spend":1477.54,
    "retail_spend":2781.29,
    "revenue":91.55,
    "engagement_score":28,
    "product_upgrade":"Yes",
    "upsell_eligible":"No",
    "churned":"Yes",
    "churn_date":"2023-11-05",
    "tenure_months":8,
    "cluster_id":2
  },
  {
    "customer_id":"CUST0047",
    "signup_date":"2023-01-03",
    "last_login_date":"2023-01-21",
    "last_campaign_date":"2022-12-22",
    "week_number":51,
    "payment_method":"Credit Card",
    "age_group":"60+",
    "gender":"Male",
    "location":"Rural",
    "spending":"High ARPU",
    "plan_type":"Postpaid",
    "service_bundle":"Internet + Phone",
    "avg_monthly_usage_gb":42.5,
    "device_type":"Replaced",
    "contract_type":"2-Year",
    "billing_status":"On-Time",
    "support_tickets":3,
    "complaint_score":1,
    "preferred_channel":"Email",
    "last_campaign":"Holiday Max",
    "campaign_response":"Clicked",
    "promotion_used":"Yes",
    "tv_spend":4252.38,
    "email_spend":1311.67,
    "sms_spend":651.21,
    "social_spend":2615.65,
    "search_spend":4543.9,
    "retail_spend":2816.15,
    "revenue":25.22,
    "engagement_score":81,
    "product_upgrade":"Yes",
    "upsell_eligible":"No",
    "churned":"Yes",
    "churn_date":"2023-04-09",
    "tenure_months":11,
    "cluster_id":3
  },
  {
    "customer_id":"CUST0048",
    "signup_date":"2023-03-16",
    "last_login_date":"2023-05-19",
    "last_campaign_date":"2023-04-14",
    "week_number":15,
    "payment_method":"Credit Card",
    "age_group":"60+",
    "gender":"Female",
    "location":"Rural",
    "spending":"Mid ARPU",
    "plan_type":"Postpaid",
    "service_bundle":"Full Bundle",
    "avg_monthly_usage_gb":32.3,
    "device_type":"Replaced",
    "contract_type":"Month-to-Month",
    "billing_status":"On-Time",
    "support_tickets":0,
    "complaint_score":3,
    "preferred_channel":"None",
    "last_campaign":"Holiday Max",
    "campaign_response":"Opened",
    "promotion_used":"No",
    "tv_spend":4816.71,
    "email_spend":1885.87,
    "sms_spend":650.65,
    "social_spend":1764.19,
    "search_spend":718.12,
    "retail_spend":3422.72,
    "revenue":43.64,
    "engagement_score":47,
    "product_upgrade":"Yes",
    "upsell_eligible":"No",
    "churned":"Yes",
    "churn_date":"2023-08-12",
    "tenure_months":8,
    "cluster_id":0
  },
  {
    "customer_id":"CUST0049",
    "signup_date":"2023-10-08",
    "last_login_date":"2024-04-24",
    "last_campaign_date":"2024-03-08",
    "week_number":10,
    "payment_method":"Mobile Wallet",
    "age_group":"18-25",
    "gender":"Female",
    "location":"Rural",
    "spending":"Mid ARPU",
    "plan_type":"Prepaid",
    "service_bundle":"Full Bundle",
    "avg_monthly_usage_gb":10.0,
    "device_type":"Old Modem",
    "contract_type":"Month-to-Month",
    "billing_status":"On-Time",
    "support_tickets":4,
    "complaint_score":1,
    "preferred_channel":"Email",
    "last_campaign":"Spring Boost",
    "campaign_response":"Opened",
    "promotion_used":"Yes",
    "tv_spend":8035.13,
    "email_spend":659.62,
    "sms_spend":805.65,
    "social_spend":650.75,
    "search_spend":4247.2,
    "retail_spend":1587.92,
    "revenue":33.46,
    "engagement_score":29,
    "product_upgrade":"No",
    "upsell_eligible":"No",
    "churned":"No",
    "churn_date":"",
    "tenure_months":1,
    "cluster_id":2
  },
  {
    "customer_id":"CUST0050",
    "signup_date":"2023-09-27",
    "last_login_date":"2024-03-30",
    "last_campaign_date":"2024-03-07",
    "week_number":10,
    "payment_method":"Bank Transfer",
    "age_group":"18-25",
    "gender":"Female",
    "location":"Urban",
    "spending":"High ARPU",
    "plan_type":"Postpaid",
    "service_bundle":"Internet",
    "avg_monthly_usage_gb":54.8,
    "device_type":"New Setup",
    "contract_type":"Month-to-Month",
    "billing_status":"On-Time",
    "support_tickets":4,
    "complaint_score":2,
    "preferred_channel":"Email",
    "last_campaign":"Summer Save",
    "campaign_response":"Ignored",
    "promotion_used":"No",
    "tv_spend":7244.42,
    "email_spend":1411.71,
    "sms_spend":1463.38,
    "social_spend":4670.95,
    "search_spend":1241.88,
    "retail_spend":1252.32,
    "revenue":54.39,
    "engagement_score":72,
    "product_upgrade":"No",
    "upsell_eligible":"No",
    "churned":"No",
    "churn_date":"",
    "tenure_months":2,
    "cluster_id":2
  },
  {
    "customer_id":"CUST0051",
    "signup_date":"2023-09-10",
    "last_login_date":"2024-03-18",
    "last_campaign_date":"2024-02-29",
    "week_number":9,
    "payment_method":"Mobile Wallet",
    "age_group":"18-25",
    "gender":"Male",
    "location":"Urban",
    "spending":"High ARPU",
    "plan_type":"Prepaid",
    "service_bundle":"Internet + TV",
    "avg_monthly_usage_gb":18.6,
    "device_type":"New Setup",
    "contract_type":"Month-to-Month",
    "billing_status":"Overcharged",
    "support_tickets":4,
    "complaint_score":0,
    "preferred_channel":"None",
    "last_campaign":"Summer Save",
    "campaign_response":"Opened",
    "promotion_used":"Yes",
    "tv_spend":6303.69,
    "email_spend":1684.09,
    "sms_spend":1282.57,
    "social_spend":4017.37,
    "search_spend":1117.53,
    "retail_spend":2278.72,
    "revenue":99.29,
    "engagement_score":76,
    "product_upgrade":"Yes",
    "upsell_eligible":"Yes",
    "churned":"No",
    "churn_date":"",
    "tenure_months":2,
    "cluster_id":1
  },
  {
    "customer_id":"CUST0052",
    "signup_date":"2023-09-10",
    "last_login_date":"2023-11-11",
    "last_campaign_date":"2023-10-06",
    "week_number":40,
    "payment_method":"Cash",
    "age_group":"18-25",
    "gender":"Male",
    "location":"Rural",
    "spending":"Low ARPU",
    "plan_type":"Postpaid",
    "service_bundle":"Full Bundle",
    "avg_monthly_usage_gb":63.6,
    "device_type":"Replaced",
    "contract_type":"2-Year",
    "billing_status":"On-Time",
    "support_tickets":3,
    "complaint_score":3,
    "preferred_channel":"None",
    "last_campaign":"Spring Boost",
    "campaign_response":"Opened",
    "promotion_used":"Yes",
    "tv_spend":6152.09,
    "email_spend":2756.01,
    "sms_spend":356.32,
    "social_spend":2303.15,
    "search_spend":4015.96,
    "retail_spend":2606.87,
    "revenue":55.67,
    "engagement_score":23,
    "product_upgrade":"No",
    "upsell_eligible":"Yes",
    "churned":"Yes",
    "churn_date":"2024-01-13",
    "tenure_months":2,
    "cluster_id":3
  },
  {
    "customer_id":"CUST0053",
    "signup_date":"2023-02-27",
    "last_login_date":"2023-03-24",
    "last_campaign_date":"2023-02-15",
    "week_number":7,
    "payment_method":"Bank Transfer",
    "age_group":"41-60",
    "gender":"Female",
    "location":"Rural",
    "spending":"High ARPU",
    "plan_type":"Postpaid",
    "service_bundle":"Phone",
    "avg_monthly_usage_gb":78.1,
    "device_type":"New Setup",
    "contract_type":"2-Year",
    "billing_status":"On-Time",
    "support_tickets":2,
    "complaint_score":2,
    "preferred_channel":"None",
    "last_campaign":"Spring Boost",
    "campaign_response":"Opened",
    "promotion_used":"No",
    "tv_spend":1857.36,
    "email_spend":1317.2,
    "sms_spend":785.57,
    "social_spend":2888.36,
    "search_spend":3501.55,
    "retail_spend":2681.2,
    "revenue":93.9,
    "engagement_score":58,
    "product_upgrade":"No",
    "upsell_eligible":"Yes",
    "churned":"Yes",
    "churn_date":"2023-06-05",
    "tenure_months":9,
    "cluster_id":3
  },
  {
    "customer_id":"CUST0054",
    "signup_date":"2023-02-18",
    "last_login_date":"2023-05-06",
    "last_campaign_date":"2023-04-30",
    "week_number":17,
    "payment_method":"Bank Transfer",
    "age_group":"26-40",
    "gender":"Male",
    "location":"Rural",
    "spending":"High ARPU",
    "plan_type":"Prepaid",
    "service_bundle":"TV",
    "avg_monthly_usage_gb":26.5,
    "device_type":"Old Modem",
    "contract_type":"1-Year",
    "billing_status":"On-Time",
    "support_tickets":3,
    "complaint_score":0,
    "preferred_channel":"App Notification",
    "last_campaign":"Fall Retain",
    "campaign_response":"Ignored",
    "promotion_used":"Yes",
    "tv_spend":4071.41,
    "email_spend":2187.58,
    "sms_spend":1346.94,
    "social_spend":4738.69,
    "search_spend":3608.67,
    "retail_spend":642.19,
    "revenue":79.85,
    "engagement_score":19,
    "product_upgrade":"Yes",
    "upsell_eligible":"Yes",
    "churned":"Yes",
    "churn_date":"2023-06-21",
    "tenure_months":9,
    "cluster_id":2
  },
  {
    "customer_id":"CUST0055",
    "signup_date":"2023-05-05",
    "last_login_date":"2023-11-10",
    "last_campaign_date":"2023-11-04",
    "week_number":44,
    "payment_method":"Mobile Wallet",
    "age_group":"26-40",
    "gender":"Male",
    "location":"Rural",
    "spending":"High ARPU",
    "plan_type":"Prepaid",
    "service_bundle":"TV",
    "avg_monthly_usage_gb":5.2,
    "device_type":"Replaced",
    "contract_type":"Month-to-Month",
    "billing_status":"Overcharged",
    "support_tickets":4,
    "complaint_score":3,
    "preferred_channel":"App Notification",
    "last_campaign":"Spring Boost",
    "campaign_response":"Opened",
    "promotion_used":"No",
    "tv_spend":9849.8,
    "email_spend":2200.67,
    "sms_spend":908.37,
    "social_spend":668.52,
    "search_spend":1490.01,
    "retail_spend":3724.09,
    "revenue":61.49,
    "engagement_score":16,
    "product_upgrade":"Yes",
    "upsell_eligible":"No",
    "churned":"No",
    "churn_date":"",
    "tenure_months":7,
    "cluster_id":2
  },
  {
    "customer_id":"CUST0056",
    "signup_date":"2023-04-25",
    "last_login_date":"2023-09-01",
    "last_campaign_date":"2023-08-17",
    "week_number":33,
    "payment_method":"Debit Card",
    "age_group":"26-40",
    "gender":"Female",
    "location":"Rural",
    "spending":"Mid ARPU",
    "plan_type":"Prepaid",
    "service_bundle":"Phone",
    "avg_monthly_usage_gb":36.0,
    "device_type":"Old Modem",
    "contract_type":"1-Year",
    "billing_status":"Overcharged",
    "support_tickets":0,
    "complaint_score":1,
    "preferred_channel":"App Notification",
    "last_campaign":"Holiday Max",
    "campaign_response":"Opened",
    "promotion_used":"Yes",
    "tv_spend":3570.57,
    "email_spend":1621.23,
    "sms_spend":1009.25,
    "social_spend":4231.84,
    "search_spend":2937.21,
    "retail_spend":1414.88,
    "revenue":89.11,
    "engagement_score":99,
    "product_upgrade":"Yes",
    "upsell_eligible":"Yes",
    "churned":"Yes",
    "churn_date":"2023-10-08",
    "tenure_months":7,
    "cluster_id":0
  },
  {
    "customer_id":"CUST0057",
    "signup_date":"2023-03-26",
    "last_login_date":"2023-07-07",
    "last_campaign_date":"2023-06-30",
    "week_number":26,
    "payment_method":"Credit Card",
    "age_group":"41-60",
    "gender":"Male",
    "location":"Urban",
    "spending":"Low ARPU",
    "plan_type":"Prepaid",
    "service_bundle":"Internet",
    "avg_monthly_usage_gb":53.8,
    "device_type":"Replaced",
    "contract_type":"Month-to-Month",
    "billing_status":"On-Time",
    "support_tickets":3,
    "complaint_score":0,
    "preferred_channel":"SMS",
    "last_campaign":"Holiday Max",
    "campaign_response":"Ignored",
    "promotion_used":"No",
    "tv_spend":2912.57,
    "email_spend":2920.14,
    "sms_spend":886.89,
    "social_spend":1898.3,
    "search_spend":2720.29,
    "retail_spend":3750.81,
    "revenue":29.93,
    "engagement_score":67,
    "product_upgrade":"No",
    "upsell_eligible":"No",
    "churned":"No",
    "churn_date":"",
    "tenure_months":8,
    "cluster_id":3
  },
  {
    "customer_id":"CUST0058",
    "signup_date":"2023-10-28",
    "last_login_date":"2024-05-06",
    "last_campaign_date":"2024-03-07",
    "week_number":10,
    "payment_method":"Mobile Wallet",
    "age_group":"18-25",
    "gender":"Male",
    "location":"Rural",
    "spending":"Mid ARPU",
    "plan_type":"Postpaid",
    "service_bundle":"TV",
    "avg_monthly_usage_gb":19.6,
    "device_type":"Replaced",
    "contract_type":"2-Year",
    "billing_status":"Late",
    "support_tickets":0,
    "complaint_score":2,
    "preferred_channel":"None",
    "last_campaign":"Holiday Max",
    "campaign_response":"Ignored",
    "promotion_used":"No",
    "tv_spend":5837.02,
    "email_spend":2156.3,
    "sms_spend":1720.34,
    "social_spend":541.22,
    "search_spend":3278.88,
    "retail_spend":3793.11,
    "revenue":43.0,
    "engagement_score":60,
    "product_upgrade":"Yes",
    "upsell_eligible":"Yes",
    "churned":"Yes",
    "churn_date":"2024-06-08",
    "tenure_months":1,
    "cluster_id":0
  },
  {
    "customer_id":"CUST0059",
    "signup_date":"2023-02-12",
    "last_login_date":"2023-03-25",
    "last_campaign_date":"2023-03-07",
    "week_number":10,
    "payment_method":"Debit Card",
    "age_group":"41-60",
    "gender":"Female",
    "location":"Urban",
    "spending":"High ARPU",
    "plan_type":"Postpaid",
    "service_bundle":"TV",
    "avg_monthly_usage_gb":66.9,
    "device_type":"New Setup",
    "contract_type":"1-Year",
    "billing_status":"Overcharged",
    "support_tickets":1,
    "complaint_score":2,
    "preferred_channel":"None",
    "last_campaign":"Holiday Max",
    "campaign_response":"Opened",
    "promotion_used":"No",
    "tv_spend":7201.32,
    "email_spend":1827.26,
    "sms_spend":818.21,
    "social_spend":1240.87,
    "search_spend":3499.56,
    "retail_spend":2785.49,
    "revenue":75.12,
    "engagement_score":61,
    "product_upgrade":"Yes",
    "upsell_eligible":"Yes",
    "churned":"Yes",
    "churn_date":"2023-06-09",
    "tenure_months":9,
    "cluster_id":3
  },
  {
    "customer_id":"CUST0060",
    "signup_date":"2023-06-11",
    "last_login_date":"2023-08-15",
    "last_campaign_date":"2023-07-23",
    "week_number":29,
    "payment_method":"Bank Transfer",
    "age_group":"18-25",
    "gender":"Female",
    "location":"Rural",
    "spending":"Mid ARPU",
    "plan_type":"Postpaid",
    "service_bundle":"Internet + TV",
    "avg_monthly_usage_gb":42.7,
    "device_type":"Replaced",
    "contract_type":"2-Year",
    "billing_status":"Late",
    "support_tickets":5,
    "complaint_score":0,
    "preferred_channel":"SMS",
    "last_campaign":"Spring Boost",
    "campaign_response":"Opened",
    "promotion_used":"No",
    "tv_spend":8393.43,
    "email_spend":1045.98,
    "sms_spend":1370.61,
    "social_spend":3666.54,
    "search_spend":4059.12,
    "retail_spend":3831.76,
    "revenue":81.65,
    "engagement_score":99,
    "product_upgrade":"No",
    "upsell_eligible":"No",
    "churned":"Yes",
    "churn_date":"2023-09-24",
    "tenure_months":5,
    "cluster_id":1
  },
  {
    "customer_id":"CUST0061",
    "signup_date":"2023-08-03",
    "last_login_date":"2023-12-05",
    "last_campaign_date":"2023-10-24",
    "week_number":43,
    "payment_method":"Bank Transfer",
    "age_group":"18-25",
    "gender":"Male",
    "location":"Rural",
    "spending":"Mid ARPU",
    "plan_type":"Prepaid",
    "service_bundle":"Internet + TV",
    "avg_monthly_usage_gb":37.1,
    "device_type":"Old Modem",
    "contract_type":"1-Year",
    "billing_status":"Overcharged",
    "support_tickets":4,
    "complaint_score":0,
    "preferred_channel":"SMS",
    "last_campaign":"Spring Boost",
    "campaign_response":"Clicked",
    "promotion_used":"No",
    "tv_spend":2535.9,
    "email_spend":2507.98,
    "sms_spend":373.95,
    "social_spend":3772.96,
    "search_spend":4734.24,
    "retail_spend":1584.95,
    "revenue":28.8,
    "engagement_score":68,
    "product_upgrade":"No",
    "upsell_eligible":"Yes",
    "churned":"Yes",
    "churn_date":"2024-02-29",
    "tenure_months":4,
    "cluster_id":3
  },
  {
    "customer_id":"CUST0062",
    "signup_date":"2023-08-12",
    "last_login_date":"2023-11-21",
    "last_campaign_date":"2023-10-03",
    "week_number":40,
    "payment_method":"Bank Transfer",
    "age_group":"41-60",
    "gender":"Male",
    "location":"Urban",
    "spending":"High ARPU",
    "plan_type":"Prepaid",
    "service_bundle":"Internet + Phone",
    "avg_monthly_usage_gb":18.8,
    "device_type":"Replaced",
    "contract_type":"1-Year",
    "billing_status":"Overcharged",
    "support_tickets":1,
    "complaint_score":2,
    "preferred_channel":"Email",
    "last_campaign":"Fall Retain",
    "campaign_response":"Opened",
    "promotion_used":"Yes",
    "tv_spend":5939.7,
    "email_spend":2907.41,
    "sms_spend":1656.08,
    "social_spend":2969.62,
    "search_spend":1640.89,
    "retail_spend":1791.4,
    "revenue":69.59,
    "engagement_score":58,
    "product_upgrade":"No",
    "upsell_eligible":"Yes",
    "churned":"No",
    "churn_date":"",
    "tenure_months":3,
    "cluster_id":0
  },
  {
    "customer_id":"CUST0063",
    "signup_date":"2023-04-03",
    "last_login_date":"2023-09-09",
    "last_campaign_date":"2023-08-29",
    "week_number":35,
    "payment_method":"Mobile Wallet",
    "age_group":"60+",
    "gender":"Female",
    "location":"Urban",
    "spending":"Low ARPU",
    "plan_type":"Prepaid",
    "service_bundle":"Internet + TV",
    "avg_monthly_usage_gb":93.0,
    "device_type":"Replaced",
    "contract_type":"Month-to-Month",
    "billing_status":"On-Time",
    "support_tickets":4,
    "complaint_score":0,
    "preferred_channel":"SMS",
    "last_campaign":"Spring Boost",
    "campaign_response":"Ignored",
    "promotion_used":"Yes",
    "tv_spend":4620.95,
    "email_spend":2092.83,
    "sms_spend":1123.7,
    "social_spend":849.91,
    "search_spend":4351.45,
    "retail_spend":3102.0,
    "revenue":31.65,
    "engagement_score":99,
    "product_upgrade":"No",
    "upsell_eligible":"No",
    "churned":"No",
    "churn_date":"",
    "tenure_months":8,
    "cluster_id":3
  },
  {
    "customer_id":"CUST0064",
    "signup_date":"2023-07-19",
    "last_login_date":"2023-10-01",
    "last_campaign_date":"2023-08-15",
    "week_number":33,
    "payment_method":"Mobile Wallet",
    "age_group":"60+",
    "gender":"Male",
    "location":"Urban",
    "spending":"Mid ARPU",
    "plan_type":"Prepaid",
    "service_bundle":"TV",
    "avg_monthly_usage_gb":34.9,
    "device_type":"Old Modem",
    "contract_type":"1-Year",
    "billing_status":"On-Time",
    "support_tickets":0,
    "complaint_score":2,
    "preferred_channel":"SMS",
    "last_campaign":"Holiday Max",
    "campaign_response":"Ignored",
    "promotion_used":"No",
    "tv_spend":9727.55,
    "email_spend":2929.27,
    "sms_spend":1206.56,
    "social_spend":2248.25,
    "search_spend":513.91,
    "retail_spend":3462.68,
    "revenue":26.5,
    "engagement_score":15,
    "product_upgrade":"Yes",
    "upsell_eligible":"Yes",
    "churned":"No",
    "churn_date":"",
    "tenure_months":4,
    "cluster_id":0
  },
  {
    "customer_id":"CUST0065",
    "signup_date":"2023-08-13",
    "last_login_date":"2024-02-08",
    "last_campaign_date":"2023-12-15",
    "week_number":50,
    "payment_method":"Mobile Wallet",
    "age_group":"41-60",
    "gender":"Female",
    "location":"Rural",
    "spending":"High ARPU",
    "plan_type":"Prepaid",
    "service_bundle":"Phone",
    "avg_monthly_usage_gb":64.2,
    "device_type":"Replaced",
    "contract_type":"Month-to-Month",
    "billing_status":"Late",
    "support_tickets":2,
    "complaint_score":0,
    "preferred_channel":"Email",
    "last_campaign":"Holiday Max",
    "campaign_response":"Ignored",
    "promotion_used":"No",
    "tv_spend":2587.49,
    "email_spend":2621.67,
    "sms_spend":1182.47,
    "social_spend":3760.21,
    "search_spend":4408.53,
    "retail_spend":3798.19,
    "revenue":54.13,
    "engagement_score":65,
    "product_upgrade":"Yes",
    "upsell_eligible":"No",
    "churned":"Yes",
    "churn_date":"2024-04-24",
    "tenure_months":3,
    "cluster_id":1
  },
  {
    "customer_id":"CUST0066",
    "signup_date":"2023-05-26",
    "last_login_date":"2023-08-10",
    "last_campaign_date":"2023-07-03",
    "week_number":27,
    "payment_method":"Cash",
    "age_group":"26-40",
    "gender":"Female",
    "location":"Rural",
    "spending":"High ARPU",
    "plan_type":"Postpaid",
    "service_bundle":"Internet",
    "avg_monthly_usage_gb":8.1,
    "device_type":"Old Modem",
    "contract_type":"1-Year",
    "billing_status":"Late",
    "support_tickets":2,
    "complaint_score":2,
    "preferred_channel":"None",
    "last_campaign":"Fall Retain",
    "campaign_response":"Ignored",
    "promotion_used":"Yes",
    "tv_spend":7984.05,
    "email_spend":2426.79,
    "sms_spend":1363.32,
    "social_spend":4607.92,
    "search_spend":1628.4,
    "retail_spend":3507.08,
    "revenue":28.76,
    "engagement_score":11,
    "product_upgrade":"Yes",
    "upsell_eligible":"No",
    "churned":"No",
    "churn_date":"",
    "tenure_months":6,
    "cluster_id":2
  },
  {
    "customer_id":"CUST0067",
    "signup_date":"2023-04-01",
    "last_login_date":"2023-08-29",
    "last_campaign_date":"2023-08-16",
    "week_number":33,
    "payment_method":"Cash",
    "age_group":"26-40",
    "gender":"Male",
    "location":"Rural",
    "spending":"Low ARPU",
    "plan_type":"Prepaid",
    "service_bundle":"Internet",
    "avg_monthly_usage_gb":72.6,
    "device_type":"New Setup",
    "contract_type":"2-Year",
    "billing_status":"On-Time",
    "support_tickets":1,
    "complaint_score":2,
    "preferred_channel":"Email",
    "last_campaign":"Spring Boost",
    "campaign_response":"Ignored",
    "promotion_used":"Yes",
    "tv_spend":4926.29,
    "email_spend":773.44,
    "sms_spend":1745.49,
    "social_spend":2962.86,
    "search_spend":1759.78,
    "retail_spend":3424.05,
    "revenue":33.15,
    "engagement_score":38,
    "product_upgrade":"No",
    "upsell_eligible":"No",
    "churned":"No",
    "churn_date":"",
    "tenure_months":8,
    "cluster_id":0
  },
  {
    "customer_id":"CUST0068",
    "signup_date":"2023-08-21",
    "last_login_date":"2023-09-15",
    "last_campaign_date":"2023-07-30",
    "week_number":30,
    "payment_method":"Debit Card",
    "age_group":"18-25",
    "gender":"Female",
    "location":"Urban",
    "spending":"Mid ARPU",
    "plan_type":"Postpaid",
    "service_bundle":"Internet + Phone",
    "avg_monthly_usage_gb":63.2,
    "device_type":"Old Modem",
    "contract_type":"1-Year",
    "billing_status":"Late",
    "support_tickets":4,
    "complaint_score":1,
    "preferred_channel":"SMS",
    "last_campaign":"Holiday Max",
    "campaign_response":"Clicked",
    "promotion_used":"Yes",
    "tv_spend":7921.35,
    "email_spend":1619.38,
    "sms_spend":1345.87,
    "social_spend":4485.56,
    "search_spend":3340.59,
    "retail_spend":1989.7,
    "revenue":41.41,
    "engagement_score":7,
    "product_upgrade":"Yes",
    "upsell_eligible":"No",
    "churned":"Yes",
    "churn_date":"2023-11-27",
    "tenure_months":3,
    "cluster_id":1
  },
  {
    "customer_id":"CUST0069",
    "signup_date":"2023-05-24",
    "last_login_date":"2023-11-24",
    "last_campaign_date":"2023-11-24",
    "week_number":47,
    "payment_method":"Cash",
    "age_group":"26-40",
    "gender":"Female",
    "location":"Rural",
    "spending":"High ARPU",
    "plan_type":"Prepaid",
    "service_bundle":"TV",
    "avg_monthly_usage_gb":30.8,
    "device_type":"New Setup",
    "contract_type":"Month-to-Month",
    "billing_status":"Overcharged",
    "support_tickets":2,
    "complaint_score":0,
    "preferred_channel":"App Notification",
    "last_campaign":"Summer Save",
    "campaign_response":"Opened",
    "promotion_used":"No",
    "tv_spend":3635.55,
    "email_spend":770.25,
    "sms_spend":590.42,
    "social_spend":1398.48,
    "search_spend":585.9,
    "retail_spend":1707.46,
    "revenue":79.45,
    "engagement_score":37,
    "product_upgrade":"Yes",
    "upsell_eligible":"No",
    "churned":"Yes",
    "churn_date":"2024-01-01",
    "tenure_months":6,
    "cluster_id":2
  },
  {
    "customer_id":"CUST0070",
    "signup_date":"2023-10-15",
    "last_login_date":"2023-11-22",
    "last_campaign_date":"2023-09-25",
    "week_number":39,
    "payment_method":"Debit Card",
    "age_group":"18-25",
    "gender":"Female",
    "location":"Rural",
    "spending":"Mid ARPU",
    "plan_type":"Prepaid",
    "service_bundle":"Phone",
    "avg_monthly_usage_gb":23.3,
    "device_type":"Old Modem",
    "contract_type":"Month-to-Month",
    "billing_status":"Late",
    "support_tickets":3,
    "complaint_score":0,
    "preferred_channel":"App Notification",
    "last_campaign":"Fall Retain",
    "campaign_response":"Opened",
    "promotion_used":"Yes",
    "tv_spend":8957.84,
    "email_spend":2657.73,
    "sms_spend":672.53,
    "social_spend":1805.0,
    "search_spend":2962.91,
    "retail_spend":1389.21,
    "revenue":83.07,
    "engagement_score":67,
    "product_upgrade":"Yes",
    "upsell_eligible":"Yes",
    "churned":"No",
    "churn_date":"",
    "tenure_months":1,
    "cluster_id":2
  },
  {
    "customer_id":"CUST0071",
    "signup_date":"2023-10-27",
    "last_login_date":"2024-04-29",
    "last_campaign_date":"2024-03-13",
    "week_number":11,
    "payment_method":"Mobile Wallet",
    "age_group":"18-25",
    "gender":"Female",
    "location":"Rural",
    "spending":"Low ARPU",
    "plan_type":"Prepaid",
    "service_bundle":"Internet + Phone",
    "avg_monthly_usage_gb":43.1,
    "device_type":"New Setup",
    "contract_type":"2-Year",
    "billing_status":"Overcharged",
    "support_tickets":3,
    "complaint_score":1,
    "preferred_channel":"None",
    "last_campaign":"Holiday Max",
    "campaign_response":"Clicked",
    "promotion_used":"Yes",
    "tv_spend":8733.48,
    "email_spend":906.81,
    "sms_spend":1701.06,
    "social_spend":2529.93,
    "search_spend":4671.04,
    "retail_spend":3796.17,
    "revenue":20.1,
    "engagement_score":24,
    "product_upgrade":"No",
    "upsell_eligible":"No",
    "churned":"No",
    "churn_date":"",
    "tenure_months":1,
    "cluster_id":1
  },
  {
    "customer_id":"CUST0072",
    "signup_date":"2023-05-25",
    "last_login_date":"2023-11-26",
    "last_campaign_date":"2023-10-27",
    "week_number":43,
    "payment_method":"Mobile Wallet",
    "age_group":"60+",
    "gender":"Male",
    "location":"Rural",
    "spending":"High ARPU",
    "plan_type":"Prepaid",
    "service_bundle":"TV",
    "avg_monthly_usage_gb":54.2,
    "device_type":"Replaced",
    "contract_type":"Month-to-Month",
    "billing_status":"Late",
    "support_tickets":0,
    "complaint_score":2,
    "preferred_channel":"Email",
    "last_campaign":"Holiday Max",
    "campaign_response":"Clicked",
    "promotion_used":"No",
    "tv_spend":1038.25,
    "email_spend":1833.89,
    "sms_spend":1151.42,
    "social_spend":4002.9,
    "search_spend":3264.64,
    "retail_spend":3603.32,
    "revenue":31.64,
    "engagement_score":96,
    "product_upgrade":"No",
    "upsell_eligible":"Yes",
    "churned":"No",
    "churn_date":"",
    "tenure_months":6,
    "cluster_id":3
  },
  {
    "customer_id":"CUST0073",
    "signup_date":"2023-04-20",
    "last_login_date":"2023-10-26",
    "last_campaign_date":"2023-09-04",
    "week_number":36,
    "payment_method":"Mobile Wallet",
    "age_group":"26-40",
    "gender":"Male",
    "location":"Rural",
    "spending":"Low ARPU",
    "plan_type":"Prepaid",
    "service_bundle":"Phone",
    "avg_monthly_usage_gb":69.9,
    "device_type":"Old Modem",
    "contract_type":"Month-to-Month",
    "billing_status":"Late",
    "support_tickets":4,
    "complaint_score":2,
    "preferred_channel":"None",
    "last_campaign":"Holiday Max",
    "campaign_response":"Clicked",
    "promotion_used":"Yes",
    "tv_spend":6935.22,
    "email_spend":2598.87,
    "sms_spend":1683.16,
    "social_spend":2647.38,
    "search_spend":2399.19,
    "retail_spend":2320.04,
    "revenue":41.47,
    "engagement_score":13,
    "product_upgrade":"No",
    "upsell_eligible":"Yes",
    "churned":"Yes",
    "churn_date":"2024-01-18",
    "tenure_months":7,
    "cluster_id":3
  },
  {
    "customer_id":"CUST0074",
    "signup_date":"2023-02-17",
    "last_login_date":"2023-03-26",
    "last_campaign_date":"2023-02-25",
    "week_number":8,
    "payment_method":"Mobile Wallet",
    "age_group":"41-60",
    "gender":"Female",
    "location":"Urban",
    "spending":"Mid ARPU",
    "plan_type":"Prepaid",
    "service_bundle":"Internet",
    "avg_monthly_usage_gb":18.4,
    "device_type":"Old Modem",
    "contract_type":"Month-to-Month",
    "billing_status":"On-Time",
    "support_tickets":4,
    "complaint_score":2,
    "preferred_channel":"SMS",
    "last_campaign":"Fall Retain",
    "campaign_response":"Ignored",
    "promotion_used":"No",
    "tv_spend":9021.12,
    "email_spend":2577.03,
    "sms_spend":1430.94,
    "social_spend":3443.3,
    "search_spend":3899.25,
    "retail_spend":1572.11,
    "revenue":39.91,
    "engagement_score":33,
    "product_upgrade":"Yes",
    "upsell_eligible":"No",
    "churned":"No",
    "churn_date":"",
    "tenure_months":9,
    "cluster_id":3
  },
  {
    "customer_id":"CUST0075",
    "signup_date":"2023-08-05",
    "last_login_date":"2023-09-05",
    "last_campaign_date":"2023-07-26",
    "week_number":30,
    "payment_method":"Credit Card",
    "age_group":"41-60",
    "gender":"Female",
    "location":"Rural",
    "spending":"Mid ARPU",
    "plan_type":"Postpaid",
    "service_bundle":"Internet + Phone",
    "avg_monthly_usage_gb":34.3,
    "device_type":"Replaced",
    "contract_type":"1-Year",
    "billing_status":"On-Time",
    "support_tickets":4,
    "complaint_score":0,
    "preferred_channel":"App Notification",
    "last_campaign":"Spring Boost",
    "campaign_response":"Clicked",
    "promotion_used":"Yes",
    "tv_spend":4937.6,
    "email_spend":2085.64,
    "sms_spend":1150.39,
    "social_spend":2401.08,
    "search_spend":2098.52,
    "retail_spend":2606.5,
    "revenue":45.07,
    "engagement_score":15,
    "product_upgrade":"Yes",
    "upsell_eligible":"Yes",
    "churned":"No",
    "churn_date":"",
    "tenure_months":3,
    "cluster_id":2
  },
  {
    "customer_id":"CUST0076",
    "signup_date":"2023-01-09",
    "last_login_date":"2023-06-07",
    "last_campaign_date":"2023-05-04",
    "week_number":18,
    "payment_method":"Mobile Wallet",
    "age_group":"60+",
    "gender":"Female",
    "location":"Urban",
    "spending":"Mid ARPU",
    "plan_type":"Postpaid",
    "service_bundle":"Full Bundle",
    "avg_monthly_usage_gb":19.6,
    "device_type":"Old Modem",
    "contract_type":"2-Year",
    "billing_status":"Late",
    "support_tickets":0,
    "complaint_score":3,
    "preferred_channel":"Email",
    "last_campaign":"Spring Boost",
    "campaign_response":"Clicked",
    "promotion_used":"No",
    "tv_spend":3897.47,
    "email_spend":510.12,
    "sms_spend":1270.71,
    "social_spend":3382.34,
    "search_spend":4612.76,
    "retail_spend":3264.35,
    "revenue":25.45,
    "engagement_score":28,
    "product_upgrade":"Yes",
    "upsell_eligible":"Yes",
    "churned":"Yes",
    "churn_date":"2023-07-14",
    "tenure_months":10,
    "cluster_id":3
  },
  {
    "customer_id":"CUST0077",
    "signup_date":"2023-03-08",
    "last_login_date":"2023-04-26",
    "last_campaign_date":"2023-03-11",
    "week_number":10,
    "payment_method":"Mobile Wallet",
    "age_group":"41-60",
    "gender":"Female",
    "location":"Urban",
    "spending":"Low ARPU",
    "plan_type":"Prepaid",
    "service_bundle":"TV",
    "avg_monthly_usage_gb":45.4,
    "device_type":"Replaced",
    "contract_type":"1-Year",
    "billing_status":"Late",
    "support_tickets":0,
    "complaint_score":0,
    "preferred_channel":"App Notification",
    "last_campaign":"Summer Save",
    "campaign_response":"Clicked",
    "promotion_used":"Yes",
    "tv_spend":2612.2,
    "email_spend":2515.41,
    "sms_spend":989.38,
    "social_spend":2395.78,
    "search_spend":2923.95,
    "retail_spend":3396.52,
    "revenue":97.15,
    "engagement_score":63,
    "product_upgrade":"Yes",
    "upsell_eligible":"Yes",
    "churned":"No",
    "churn_date":"",
    "tenure_months":8,
    "cluster_id":0
  },
  {
    "customer_id":"CUST0078",
    "signup_date":"2023-10-10",
    "last_login_date":"2023-11-03",
    "last_campaign_date":"2023-09-04",
    "week_number":36,
    "payment_method":"Credit Card",
    "age_group":"26-40",
    "gender":"Male",
    "location":"Rural",
    "spending":"Low ARPU",
    "plan_type":"Postpaid",
    "service_bundle":"Internet + Phone",
    "avg_monthly_usage_gb":8.8,
    "device_type":"New Setup",
    "contract_type":"1-Year",
    "billing_status":"On-Time",
    "support_tickets":3,
    "complaint_score":2,
    "preferred_channel":"SMS",
    "last_campaign":"Summer Save",
    "campaign_response":"Opened",
    "promotion_used":"No",
    "tv_spend":2347.63,
    "email_spend":2762.78,
    "sms_spend":1801.21,
    "social_spend":850.11,
    "search_spend":3205.56,
    "retail_spend":2912.66,
    "revenue":63.36,
    "engagement_score":88,
    "product_upgrade":"No",
    "upsell_eligible":"Yes",
    "churned":"No",
    "churn_date":"",
    "tenure_months":1,
    "cluster_id":3
  },
  {
    "customer_id":"CUST0079",
    "signup_date":"2023-06-08",
    "last_login_date":"2023-09-23",
    "last_campaign_date":"2023-08-17",
    "week_number":33,
    "payment_method":"Bank Transfer",
    "age_group":"60+",
    "gender":"Male",
    "location":"Rural",
    "spending":"Low ARPU",
    "plan_type":"Prepaid",
    "service_bundle":"Phone",
    "avg_monthly_usage_gb":14.6,
    "device_type":"Replaced",
    "contract_type":"1-Year",
    "billing_status":"Late",
    "support_tickets":2,
    "complaint_score":1,
    "preferred_channel":"Email",
    "last_campaign":"Fall Retain",
    "campaign_response":"Opened",
    "promotion_used":"No",
    "tv_spend":5294.92,
    "email_spend":2146.88,
    "sms_spend":1552.02,
    "social_spend":2447.6,
    "search_spend":4104.45,
    "retail_spend":3279.52,
    "revenue":66.01,
    "engagement_score":55,
    "product_upgrade":"No",
    "upsell_eligible":"No",
    "churned":"Yes",
    "churn_date":"2023-11-03",
    "tenure_months":5,
    "cluster_id":3
  },
  {
    "customer_id":"CUST0080",
    "signup_date":"2023-05-06",
    "last_login_date":"2023-08-23",
    "last_campaign_date":"2023-07-11",
    "week_number":28,
    "payment_method":"Mobile Wallet",
    "age_group":"26-40",
    "gender":"Female",
    "location":"Urban",
    "spending":"Low ARPU",
    "plan_type":"Postpaid",
    "service_bundle":"Full Bundle",
    "avg_monthly_usage_gb":91.8,
    "device_type":"Replaced",
    "contract_type":"1-Year",
    "billing_status":"On-Time",
    "support_tickets":5,
    "complaint_score":3,
    "preferred_channel":"App Notification",
    "last_campaign":"Spring Boost",
    "campaign_response":"Opened",
    "promotion_used":"No",
    "tv_spend":2098.85,
    "email_spend":1492.49,
    "sms_spend":1940.78,
    "social_spend":2899.91,
    "search_spend":4010.39,
    "retail_spend":2868.22,
    "revenue":56.09,
    "engagement_score":90,
    "product_upgrade":"Yes",
    "upsell_eligible":"Yes",
    "churned":"No",
    "churn_date":"",
    "tenure_months":6,
    "cluster_id":3
  },
  {
    "customer_id":"CUST0081",
    "signup_date":"2023-05-08",
    "last_login_date":"2023-11-03",
    "last_campaign_date":"2023-09-05",
    "week_number":36,
    "payment_method":"Debit Card",
    "age_group":"60+",
    "gender":"Male",
    "location":"Rural",
    "spending":"Mid ARPU",
    "plan_type":"Postpaid",
    "service_bundle":"Internet + TV",
    "avg_monthly_usage_gb":44.8,
    "device_type":"Old Modem",
    "contract_type":"1-Year",
    "billing_status":"Late",
    "support_tickets":5,
    "complaint_score":1,
    "preferred_channel":"SMS",
    "last_campaign":"Summer Save",
    "campaign_response":"Opened",
    "promotion_used":"Yes",
    "tv_spend":7666.48,
    "email_spend":2660.44,
    "sms_spend":301.14,
    "social_spend":3579.15,
    "search_spend":4487.52,
    "retail_spend":1665.04,
    "revenue":62.01,
    "engagement_score":70,
    "product_upgrade":"No",
    "upsell_eligible":"No",
    "churned":"Yes",
    "churn_date":"2023-12-20",
    "tenure_months":6,
    "cluster_id":3
  },
  {
    "customer_id":"CUST0082",
    "signup_date":"2023-08-07",
    "last_login_date":"2023-08-30",
    "last_campaign_date":"2023-08-06",
    "week_number":31,
    "payment_method":"Debit Card",
    "age_group":"18-25",
    "gender":"Male",
    "location":"Urban",
    "spending":"High ARPU",
    "plan_type":"Prepaid",
    "service_bundle":"Internet + TV",
    "avg_monthly_usage_gb":38.1,
    "device_type":"New Setup",
    "contract_type":"1-Year",
    "billing_status":"Overcharged",
    "support_tickets":2,
    "complaint_score":2,
    "preferred_channel":"App Notification",
    "last_campaign":"Fall Retain",
    "campaign_response":"Clicked",
    "promotion_used":"No",
    "tv_spend":7346.45,
    "email_spend":1887.84,
    "sms_spend":879.98,
    "social_spend":3007.52,
    "search_spend":3604.52,
    "retail_spend":3867.92,
    "revenue":57.09,
    "engagement_score":88,
    "product_upgrade":"Yes",
    "upsell_eligible":"Yes",
    "churned":"No",
    "churn_date":"",
    "tenure_months":3,
    "cluster_id":1
  },
  {
    "customer_id":"CUST0083",
    "signup_date":"2023-02-11",
    "last_login_date":"2023-07-12",
    "last_campaign_date":"2023-06-08",
    "week_number":23,
    "payment_method":"Cash",
    "age_group":"60+",
    "gender":"Female",
    "location":"Rural",
    "spending":"Mid ARPU",
    "plan_type":"Prepaid",
    "service_bundle":"Internet + Phone",
    "avg_monthly_usage_gb":60.2,
    "device_type":"Replaced",
    "contract_type":"Month-to-Month",
    "billing_status":"Overcharged",
    "support_tickets":3,
    "complaint_score":2,
    "preferred_channel":"None",
    "last_campaign":"Spring Boost",
    "campaign_response":"Opened",
    "promotion_used":"No",
    "tv_spend":2767.48,
    "email_spend":2651.43,
    "sms_spend":469.93,
    "social_spend":3242.59,
    "search_spend":2199.01,
    "retail_spend":2356.63,
    "revenue":41.1,
    "engagement_score":34,
    "product_upgrade":"No",
    "upsell_eligible":"Yes",
    "churned":"No",
    "churn_date":"",
    "tenure_months":9,
    "cluster_id":3
  },
  {
    "customer_id":"CUST0084",
    "signup_date":"2023-03-04",
    "last_login_date":"2023-07-17",
    "last_campaign_date":"2023-05-24",
    "week_number":21,
    "payment_method":"Credit Card",
    "age_group":"26-40",
    "gender":"Male",
    "location":"Rural",
    "spending":"Low ARPU",
    "plan_type":"Prepaid",
    "service_bundle":"Phone",
    "avg_monthly_usage_gb":57.8,
    "device_type":"Old Modem",
    "contract_type":"2-Year",
    "billing_status":"On-Time",
    "support_tickets":3,
    "complaint_score":3,
    "preferred_channel":"SMS",
    "last_campaign":"Fall Retain",
    "campaign_response":"Opened",
    "promotion_used":"Yes",
    "tv_spend":8349.74,
    "email_spend":2355.37,
    "sms_spend":715.54,
    "social_spend":4450.89,
    "search_spend":3830.54,
    "retail_spend":2724.07,
    "revenue":67.0,
    "engagement_score":30,
    "product_upgrade":"Yes",
    "upsell_eligible":"Yes",
    "churned":"Yes",
    "churn_date":"2023-09-25",
    "tenure_months":9,
    "cluster_id":3
  },
  {
    "customer_id":"CUST0085",
    "signup_date":"2023-01-06",
    "last_login_date":"2023-03-17",
    "last_campaign_date":"2023-01-19",
    "week_number":3,
    "payment_method":"Debit Card",
    "age_group":"60+",
    "gender":"Female",
    "location":"Urban",
    "spending":"Low ARPU",
    "plan_type":"Prepaid",
    "service_bundle":"TV",
    "avg_monthly_usage_gb":38.7,
    "device_type":"New Setup",
    "contract_type":"2-Year",
    "billing_status":"On-Time",
    "support_tickets":5,
    "complaint_score":0,
    "preferred_channel":"App Notification",
    "last_campaign":"Fall Retain",
    "campaign_response":"Clicked",
    "promotion_used":"No",
    "tv_spend":6378.14,
    "email_spend":2857.03,
    "sms_spend":1328.09,
    "social_spend":1636.06,
    "search_spend":4965.74,
    "retail_spend":1322.45,
    "revenue":84.93,
    "engagement_score":33,
    "product_upgrade":"No",
    "upsell_eligible":"Yes",
    "churned":"No",
    "churn_date":"",
    "tenure_months":10,
    "cluster_id":3
  },
  {
    "customer_id":"CUST0086",
    "signup_date":"2023-01-06",
    "last_login_date":"2023-05-12",
    "last_campaign_date":"2023-04-29",
    "week_number":17,
    "payment_method":"Bank Transfer",
    "age_group":"60+",
    "gender":"Female",
    "location":"Rural",
    "spending":"High ARPU",
    "plan_type":"Prepaid",
    "service_bundle":"Full Bundle",
    "avg_monthly_usage_gb":20.9,
    "device_type":"Replaced",
    "contract_type":"Month-to-Month",
    "billing_status":"Late",
    "support_tickets":5,
    "complaint_score":2,
    "preferred_channel":"SMS",
    "last_campaign":"Holiday Max",
    "campaign_response":"Clicked",
    "promotion_used":"No",
    "tv_spend":6683.84,
    "email_spend":2237.59,
    "sms_spend":1819.11,
    "social_spend":1816.3,
    "search_spend":1340.5,
    "retail_spend":1710.93,
    "revenue":99.29,
    "engagement_score":55,
    "product_upgrade":"Yes",
    "upsell_eligible":"Yes",
    "churned":"No",
    "churn_date":"",
    "tenure_months":10,
    "cluster_id":3
  },
  {
    "customer_id":"CUST0087",
    "signup_date":"2023-02-10",
    "last_login_date":"2023-02-20",
    "last_campaign_date":"2023-01-01",
    "week_number":52,
    "payment_method":"Bank Transfer",
    "age_group":"18-25",
    "gender":"Male",
    "location":"Rural",
    "spending":"Low ARPU",
    "plan_type":"Prepaid",
    "service_bundle":"Internet + TV",
    "avg_monthly_usage_gb":73.2,
    "device_type":"Old Modem",
    "contract_type":"2-Year",
    "billing_status":"Late",
    "support_tickets":2,
    "complaint_score":1,
    "preferred_channel":"Email",
    "last_campaign":"Holiday Max",
    "campaign_response":"Opened",
    "promotion_used":"Yes",
    "tv_spend":3014.8,
    "email_spend":704.75,
    "sms_spend":514.46,
    "social_spend":2754.45,
    "search_spend":1861.46,
    "retail_spend":1228.08,
    "revenue":28.87,
    "engagement_score":6,
    "product_upgrade":"Yes",
    "upsell_eligible":"Yes",
    "churned":"Yes",
    "churn_date":"2023-05-11",
    "tenure_months":9,
    "cluster_id":2
  },
  {
    "customer_id":"CUST0088",
    "signup_date":"2023-06-16",
    "last_login_date":"2023-08-21",
    "last_campaign_date":"2023-08-19",
    "week_number":33,
    "payment_method":"Bank Transfer",
    "age_group":"60+",
    "gender":"Female",
    "location":"Rural",
    "spending":"Mid ARPU",
    "plan_type":"Prepaid",
    "service_bundle":"TV",
    "avg_monthly_usage_gb":47.6,
    "device_type":"New Setup",
    "contract_type":"1-Year",
    "billing_status":"Late",
    "support_tickets":4,
    "complaint_score":3,
    "preferred_channel":"None",
    "last_campaign":"Holiday Max",
    "campaign_response":"Opened",
    "promotion_used":"No",
    "tv_spend":1426.74,
    "email_spend":2232.72,
    "sms_spend":1231.81,
    "social_spend":2873.33,
    "search_spend":3611.55,
    "retail_spend":2347.26,
    "revenue":80.86,
    "engagement_score":8,
    "product_upgrade":"No",
    "upsell_eligible":"Yes",
    "churned":"Yes",
    "churn_date":"2023-10-31",
    "tenure_months":5,
    "cluster_id":3
  },
  {
    "customer_id":"CUST0089",
    "signup_date":"2023-01-29",
    "last_login_date":"2023-02-22",
    "last_campaign_date":"2023-02-03",
    "week_number":5,
    "payment_method":"Cash",
    "age_group":"41-60",
    "gender":"Female",
    "location":"Rural",
    "spending":"Low ARPU",
    "plan_type":"Prepaid",
    "service_bundle":"TV",
    "avg_monthly_usage_gb":11.6,
    "device_type":"Replaced",
    "contract_type":"Month-to-Month",
    "billing_status":"On-Time",
    "support_tickets":4,
    "complaint_score":0,
    "preferred_channel":"None",
    "last_campaign":"Summer Save",
    "campaign_response":"Opened",
    "promotion_used":"Yes",
    "tv_spend":3532.19,
    "email_spend":649.34,
    "sms_spend":1503.62,
    "social_spend":4453.66,
    "search_spend":4400.59,
    "retail_spend":3312.56,
    "revenue":76.9,
    "engagement_score":30,
    "product_upgrade":"No",
    "upsell_eligible":"Yes",
    "churned":"Yes",
    "churn_date":"2023-04-10",
    "tenure_months":10,
    "cluster_id":1
  },
  {
    "customer_id":"CUST0090",
    "signup_date":"2023-01-05",
    "last_login_date":"2023-04-15",
    "last_campaign_date":"2023-04-03",
    "week_number":14,
    "payment_method":"Credit Card",
    "age_group":"26-40",
    "gender":"Male",
    "location":"Urban",
    "spending":"Mid ARPU",
    "plan_type":"Postpaid",
    "service_bundle":"Internet + Phone",
    "avg_monthly_usage_gb":9.1,
    "device_type":"New Setup",
    "contract_type":"2-Year",
    "billing_status":"On-Time",
    "support_tickets":4,
    "complaint_score":3,
    "preferred_channel":"None",
    "last_campaign":"Summer Save",
    "campaign_response":"Opened",
    "promotion_used":"Yes",
    "tv_spend":3363.0,
    "email_spend":2146.35,
    "sms_spend":1972.17,
    "social_spend":3806.17,
    "search_spend":3907.87,
    "retail_spend":3456.81,
    "revenue":26.94,
    "engagement_score":55,
    "product_upgrade":"No",
    "upsell_eligible":"Yes",
    "churned":"Yes",
    "churn_date":"2023-05-31",
    "tenure_months":11,
    "cluster_id":3
  },
  {
    "customer_id":"CUST0091",
    "signup_date":"2023-03-14",
    "last_login_date":"2023-09-06",
    "last_campaign_date":"2023-08-29",
    "week_number":35,
    "payment_method":"Debit Card",
    "age_group":"26-40",
    "gender":"Female",
    "location":"Rural",
    "spending":"Mid ARPU",
    "plan_type":"Prepaid",
    "service_bundle":"TV",
    "avg_monthly_usage_gb":68.4,
    "device_type":"New Setup",
    "contract_type":"Month-to-Month",
    "billing_status":"Overcharged",
    "support_tickets":0,
    "complaint_score":0,
    "preferred_channel":"SMS",
    "last_campaign":"Summer Save",
    "campaign_response":"Opened",
    "promotion_used":"No",
    "tv_spend":1958.83,
    "email_spend":2964.35,
    "sms_spend":1887.64,
    "social_spend":1362.6,
    "search_spend":2518.64,
    "retail_spend":2671.9,
    "revenue":59.31,
    "engagement_score":9,
    "product_upgrade":"No",
    "upsell_eligible":"No",
    "churned":"No",
    "churn_date":"",
    "tenure_months":8,
    "cluster_id":0
  },
  {
    "customer_id":"CUST0092",
    "signup_date":"2023-09-14",
    "last_login_date":"2024-04-01",
    "last_campaign_date":"2024-03-16",
    "week_number":11,
    "payment_method":"Credit Card",
    "age_group":"60+",
    "gender":"Female",
    "location":"Rural",
    "spending":"High ARPU",
    "plan_type":"Prepaid",
    "service_bundle":"Internet",
    "avg_monthly_usage_gb":91.9,
    "device_type":"Replaced",
    "contract_type":"1-Year",
    "billing_status":"On-Time",
    "support_tickets":0,
    "complaint_score":0,
    "preferred_channel":"SMS",
    "last_campaign":"Spring Boost",
    "campaign_response":"Ignored",
    "promotion_used":"No",
    "tv_spend":8833.01,
    "email_spend":1061.12,
    "sms_spend":970.31,
    "social_spend":591.96,
    "search_spend":1461.7,
    "retail_spend":922.04,
    "revenue":51.72,
    "engagement_score":85,
    "product_upgrade":"Yes",
    "upsell_eligible":"No",
    "churned":"Yes",
    "churn_date":"2024-05-02",
    "tenure_months":2,
    "cluster_id":0
  },
  {
    "customer_id":"CUST0093",
    "signup_date":"2023-07-29",
    "last_login_date":"2023-09-29",
    "last_campaign_date":"2023-08-24",
    "week_number":34,
    "payment_method":"Debit Card",
    "age_group":"18-25",
    "gender":"Female",
    "location":"Urban",
    "spending":"Low ARPU",
    "plan_type":"Prepaid",
    "service_bundle":"Phone",
    "avg_monthly_usage_gb":90.4,
    "device_type":"Old Modem",
    "contract_type":"Month-to-Month",
    "billing_status":"Late",
    "support_tickets":1,
    "complaint_score":3,
    "preferred_channel":"None",
    "last_campaign":"Summer Save",
    "campaign_response":"Clicked",
    "promotion_used":"No",
    "tv_spend":5689.2,
    "email_spend":2490.79,
    "sms_spend":1096.23,
    "social_spend":3719.41,
    "search_spend":4738.66,
    "retail_spend":1989.11,
    "revenue":27.73,
    "engagement_score":87,
    "product_upgrade":"Yes",
    "upsell_eligible":"No",
    "churned":"No",
    "churn_date":"",
    "tenure_months":4,
    "cluster_id":3
  },
  {
    "customer_id":"CUST0094",
    "signup_date":"2023-08-29",
    "last_login_date":"2023-10-20",
    "last_campaign_date":"2023-10-12",
    "week_number":41,
    "payment_method":"Credit Card",
    "age_group":"41-60",
    "gender":"Male",
    "location":"Urban",
    "spending":"Mid ARPU",
    "plan_type":"Postpaid",
    "service_bundle":"TV",
    "avg_monthly_usage_gb":34.6,
    "device_type":"Replaced",
    "contract_type":"Month-to-Month",
    "billing_status":"On-Time",
    "support_tickets":1,
    "complaint_score":1,
    "preferred_channel":"Email",
    "last_campaign":"Spring Boost",
    "campaign_response":"Ignored",
    "promotion_used":"Yes",
    "tv_spend":7515.73,
    "email_spend":856.11,
    "sms_spend":1713.78,
    "social_spend":4007.52,
    "search_spend":4863.93,
    "retail_spend":3643.7,
    "revenue":95.55,
    "engagement_score":86,
    "product_upgrade":"No",
    "upsell_eligible":"Yes",
    "churned":"No",
    "churn_date":"",
    "tenure_months":3,
    "cluster_id":1
  },
  {
    "customer_id":"CUST0095",
    "signup_date":"2023-09-04",
    "last_login_date":"2024-01-23",
    "last_campaign_date":"2024-01-22",
    "week_number":4,
    "payment_method":"Debit Card",
    "age_group":"18-25",
    "gender":"Male",
    "location":"Urban",
    "spending":"Mid ARPU",
    "plan_type":"Postpaid",
    "service_bundle":"Phone",
    "avg_monthly_usage_gb":30.9,
    "device_type":"New Setup",
    "contract_type":"Month-to-Month",
    "billing_status":"Late",
    "support_tickets":2,
    "complaint_score":1,
    "preferred_channel":"App Notification",
    "last_campaign":"Spring Boost",
    "campaign_response":"Opened",
    "promotion_used":"Yes",
    "tv_spend":3803.97,
    "email_spend":2081.88,
    "sms_spend":1792.24,
    "social_spend":3672.27,
    "search_spend":1648.5,
    "retail_spend":3565.26,
    "revenue":73.24,
    "engagement_score":49,
    "product_upgrade":"Yes",
    "upsell_eligible":"Yes",
    "churned":"Yes",
    "churn_date":"2024-04-22",
    "tenure_months":2,
    "cluster_id":1
  },
  {
    "customer_id":"CUST0096",
    "signup_date":"2023-08-14",
    "last_login_date":"2023-12-11",
    "last_campaign_date":"2023-12-10",
    "week_number":49,
    "payment_method":"Debit Card",
    "age_group":"18-25",
    "gender":"Female",
    "location":"Urban",
    "spending":"Mid ARPU",
    "plan_type":"Postpaid",
    "service_bundle":"Internet",
    "avg_monthly_usage_gb":17.8,
    "device_type":"Old Modem",
    "contract_type":"Month-to-Month",
    "billing_status":"On-Time",
    "support_tickets":4,
    "complaint_score":0,
    "preferred_channel":"SMS",
    "last_campaign":"Holiday Max",
    "campaign_response":"Ignored",
    "promotion_used":"No",
    "tv_spend":2867.92,
    "email_spend":2053.72,
    "sms_spend":1416.98,
    "social_spend":1790.41,
    "search_spend":4271.71,
    "retail_spend":3920.19,
    "revenue":55.89,
    "engagement_score":28,
    "product_upgrade":"Yes",
    "upsell_eligible":"Yes",
    "churned":"Yes",
    "churn_date":"2024-02-17",
    "tenure_months":3,
    "cluster_id":1
  },
  {
    "customer_id":"CUST0097",
    "signup_date":"2023-06-24",
    "last_login_date":"2023-07-24",
    "last_campaign_date":"2023-07-08",
    "week_number":27,
    "payment_method":"Cash",
    "age_group":"60+",
    "gender":"Male",
    "location":"Rural",
    "spending":"High ARPU",
    "plan_type":"Prepaid",
    "service_bundle":"Internet + Phone",
    "avg_monthly_usage_gb":24.3,
    "device_type":"Replaced",
    "contract_type":"Month-to-Month",
    "billing_status":"On-Time",
    "support_tickets":0,
    "complaint_score":1,
    "preferred_channel":"None",
    "last_campaign":"Fall Retain",
    "campaign_response":"Opened",
    "promotion_used":"Yes",
    "tv_spend":1965.04,
    "email_spend":1459.66,
    "sms_spend":1402.68,
    "social_spend":4284.03,
    "search_spend":2204.42,
    "retail_spend":985.95,
    "revenue":22.98,
    "engagement_score":73,
    "product_upgrade":"No",
    "upsell_eligible":"Yes",
    "churned":"No",
    "churn_date":"",
    "tenure_months":5,
    "cluster_id":2
  },
  {
    "customer_id":"CUST0098",
    "signup_date":"2023-05-19",
    "last_login_date":"2023-10-13",
    "last_campaign_date":"2023-09-22",
    "week_number":38,
    "payment_method":"Cash",
    "age_group":"60+",
    "gender":"Male",
    "location":"Urban",
    "spending":"Low ARPU",
    "plan_type":"Prepaid",
    "service_bundle":"Internet + Phone",
    "avg_monthly_usage_gb":46.2,
    "device_type":"New Setup",
    "contract_type":"2-Year",
    "billing_status":"Overcharged",
    "support_tickets":3,
    "complaint_score":1,
    "preferred_channel":"SMS",
    "last_campaign":"Fall Retain",
    "campaign_response":"Ignored",
    "promotion_used":"No",
    "tv_spend":6910.69,
    "email_spend":1274.65,
    "sms_spend":907.5,
    "social_spend":1891.5,
    "search_spend":4994.96,
    "retail_spend":1077.55,
    "revenue":80.89,
    "engagement_score":40,
    "product_upgrade":"No",
    "upsell_eligible":"No",
    "churned":"No",
    "churn_date":"",
    "tenure_months":6,
    "cluster_id":3
  },
  {
    "customer_id":"CUST0099",
    "signup_date":"2023-06-17",
    "last_login_date":"2023-11-02",
    "last_campaign_date":"2023-09-29",
    "week_number":39,
    "payment_method":"Cash",
    "age_group":"26-40",
    "gender":"Female",
    "location":"Urban",
    "spending":"Low ARPU",
    "plan_type":"Prepaid",
    "service_bundle":"Internet + TV",
    "avg_monthly_usage_gb":30.0,
    "device_type":"New Setup",
    "contract_type":"1-Year",
    "billing_status":"Overcharged",
    "support_tickets":0,
    "complaint_score":0,
    "preferred_channel":"SMS",
    "last_campaign":"Fall Retain",
    "campaign_response":"Opened",
    "promotion_used":"Yes",
    "tv_spend":2731.98,
    "email_spend":1450.5,
    "sms_spend":1001.93,
    "social_spend":4275.59,
    "search_spend":2946.22,
    "retail_spend":1001.21,
    "revenue":65.29,
    "engagement_score":39,
    "product_upgrade":"No",
    "upsell_eligible":"No",
    "churned":"Yes",
    "churn_date":"2023-12-22",
    "tenure_months":5,
    "cluster_id":0
  },
  {
    "customer_id":"CUST0100",
    "signup_date":"2023-10-20",
    "last_login_date":"2024-04-16",
    "last_campaign_date":"2024-04-11",
    "week_number":15,
    "payment_method":"Bank Transfer",
    "age_group":"41-60",
    "gender":"Male",
    "location":"Rural",
    "spending":"High ARPU",
    "plan_type":"Prepaid",
    "service_bundle":"Internet",
    "avg_monthly_usage_gb":86.8,
    "device_type":"Replaced",
    "contract_type":"2-Year",
    "billing_status":"Overcharged",
    "support_tickets":4,
    "complaint_score":0,
    "preferred_channel":"App Notification",
    "last_campaign":"Summer Save",
    "campaign_response":"Ignored",
    "promotion_used":"Yes",
    "tv_spend":2269.19,
    "email_spend":2439.12,
    "sms_spend":1683.7,
    "social_spend":1004.78,
    "search_spend":1530.93,
    "retail_spend":2900.08,
    "revenue":72.55,
    "engagement_score":78,
    "product_upgrade":"No",
    "upsell_eligible":"No",
    "churned":"No",
    "churn_date":"",
    "tenure_months":1,
    "cluster_id":0
  }
]